%YAML 1.1
%TAG !u! tag:unity3d.com,2011:
--- !u!29 &1
OcclusionCullingSettings:
  m_ObjectHideFlags: 0
  serializedVersion: 2
  m_OcclusionBakeSettings:
    smallestOccluder: 5
    smallestHole: 0.25
    backfaceThreshold: 100
  m_SceneGUID: 00000000000000000000000000000000
  m_OcclusionCullingData: {fileID: 0}
--- !u!104 &2
RenderSettings:
  m_ObjectHideFlags: 0
  serializedVersion: 9
  m_Fog: 0
  m_FogColor: {r: 0.5, g: 0.5, b: 0.5, a: 1}
  m_FogMode: 3
  m_FogDensity: 0.01
  m_LinearFogStart: 0
  m_LinearFogEnd: 300
  m_AmbientSkyColor: {r: 0.212, g: 0.227, b: 0.259, a: 1}
  m_AmbientEquatorColor: {r: 0.114, g: 0.125, b: 0.133, a: 1}
  m_AmbientGroundColor: {r: 0.047, g: 0.043, b: 0.035, a: 1}
  m_AmbientIntensity: 1
  m_AmbientMode: 0
  m_SubtractiveShadowColor: {r: 0.42, g: 0.478, b: 0.627, a: 1}
  m_SkyboxMaterial: {fileID: 10304, guid: 0000000000000000f000000000000000, type: 0}
  m_HaloStrength: 0.5
  m_FlareStrength: 1
  m_FlareFadeSpeed: 3
  m_HaloTexture: {fileID: 0}
  m_SpotCookie: {fileID: 10001, guid: 0000000000000000e000000000000000, type: 0}
  m_DefaultReflectionMode: 0
  m_DefaultReflectionResolution: 128
  m_ReflectionBounces: 1
  m_ReflectionIntensity: 1
  m_CustomReflection: {fileID: 0}
  m_Sun: {fileID: 0}
  m_IndirectSpecularColor: {r: 0.37311953, g: 0.38074014, b: 0.3587274, a: 1}
  m_UseRadianceAmbientProbe: 0
--- !u!157 &3
LightmapSettings:
  m_ObjectHideFlags: 0
  serializedVersion: 11
  m_GIWorkflowMode: 1
  m_GISettings:
    serializedVersion: 2
    m_BounceScale: 1
    m_IndirectOutputScale: 1
    m_AlbedoBoost: 1
    m_TemporalCoherenceThreshold: 1
    m_EnvironmentLightingMode: 0
    m_EnableBakedLightmaps: 1
    m_EnableRealtimeLightmaps: 0
  m_LightmapEditorSettings:
    serializedVersion: 10
    m_Resolution: 2
    m_BakeResolution: 10
    m_AtlasSize: 512
    m_AO: 0
    m_AOMaxDistance: 1
    m_CompAOExponent: 1
    m_CompAOExponentDirect: 0
    m_Padding: 2
    m_LightmapParameters: {fileID: 0}
    m_LightmapsBakeMode: 1
    m_TextureCompression: 1
    m_FinalGather: 0
    m_FinalGatherFiltering: 1
    m_FinalGatherRayCount: 256
    m_ReflectionCompression: 2
    m_MixedBakeMode: 2
    m_BakeBackend: 1
    m_PVRSampling: 1
    m_PVRDirectSampleCount: 32
    m_PVRSampleCount: 256
    m_PVRBounces: 2
    m_PVRFilterTypeDirect: 0
    m_PVRFilterTypeIndirect: 0
    m_PVRFilterTypeAO: 0
    m_PVRFilteringMode: 1
    m_PVRCulling: 1
    m_PVRFilteringGaussRadiusDirect: 1
    m_PVRFilteringGaussRadiusIndirect: 5
    m_PVRFilteringGaussRadiusAO: 2
    m_PVRFilteringAtrousPositionSigmaDirect: 0.5
    m_PVRFilteringAtrousPositionSigmaIndirect: 2
    m_PVRFilteringAtrousPositionSigmaAO: 1
    m_ShowResolutionOverlay: 1
  m_LightingDataAsset: {fileID: 112000002, guid: 4eee721f0417d66409bfc373e0d31809,
    type: 2}
  m_UseShadowmask: 1
--- !u!196 &4
NavMeshSettings:
  serializedVersion: 2
  m_ObjectHideFlags: 0
  m_BuildSettings:
    serializedVersion: 2
    agentTypeID: 0
    agentRadius: 0.5
    agentHeight: 2
    agentSlope: 45
    agentClimb: 0.4
    ledgeDropHeight: 0
    maxJumpAcrossDistance: 0
    minRegionArea: 2
    manualCellSize: 0
    cellSize: 0.16666667
    manualTileSize: 0
    tileSize: 256
    accuratePlacement: 0
    debug:
      m_Flags: 0
  m_NavMeshData: {fileID: 0}
--- !u!1 &20456005 stripped
GameObject:
  m_CorrespondingSourceObject: {fileID: 1154101772610644, guid: 58f843e6efa25534e8802bc56bda4ad6,
    type: 2}
  m_PrefabInternal: {fileID: 2047573771}
--- !u!114 &20456006
MonoBehaviour:
  m_ObjectHideFlags: 0
  m_CorrespondingSourceObject: {fileID: 0}
  m_PrefabInternal: {fileID: 0}
  m_GameObject: {fileID: 20456005}
  m_Enabled: 1
  m_EditorHideFlags: 0
  m_Script: {fileID: 11500000, guid: 5558f283c42c2e74abae4c39afa7168f, type: 3}
  m_Name: 
  m_EditorClassIdentifier: 
  movementVector: {x: 18, y: 0, z: 0}
  oscillationPercentage: 0
  periodInSeconds: 5
  IsMoving: 1
  motionType: 1
--- !u!1001 &36477980
Prefab:
  m_ObjectHideFlags: 0
  serializedVersion: 2
  m_Modification:
    m_TransformParent: {fileID: 0}
    m_Modifications:
    - target: {fileID: 4447346433621762, guid: b111af940d3baca4ca69ae3d75247039, type: 2}
      propertyPath: m_LocalPosition.x
      value: 20.97
      objectReference: {fileID: 0}
    - target: {fileID: 4447346433621762, guid: b111af940d3baca4ca69ae3d75247039, type: 2}
      propertyPath: m_LocalPosition.y
      value: 40.84
      objectReference: {fileID: 0}
    - target: {fileID: 4447346433621762, guid: b111af940d3baca4ca69ae3d75247039, type: 2}
      propertyPath: m_LocalPosition.z
      value: -25.08
      objectReference: {fileID: 0}
    - target: {fileID: 4447346433621762, guid: b111af940d3baca4ca69ae3d75247039, type: 2}
      propertyPath: m_LocalRotation.x
      value: -0
      objectReference: {fileID: 0}
    - target: {fileID: 4447346433621762, guid: b111af940d3baca4ca69ae3d75247039, type: 2}
      propertyPath: m_LocalRotation.y
      value: 0.26941425
      objectReference: {fileID: 0}
    - target: {fileID: 4447346433621762, guid: b111af940d3baca4ca69ae3d75247039, type: 2}
      propertyPath: m_LocalRotation.z
      value: 0.9630244
      objectReference: {fileID: 0}
    - target: {fileID: 4447346433621762, guid: b111af940d3baca4ca69ae3d75247039, type: 2}
      propertyPath: m_LocalRotation.w
      value: 0
      objectReference: {fileID: 0}
    - target: {fileID: 4447346433621762, guid: b111af940d3baca4ca69ae3d75247039, type: 2}
      propertyPath: m_RootOrder
      value: 3
      objectReference: {fileID: 0}
    - target: {fileID: 4447346433621762, guid: b111af940d3baca4ca69ae3d75247039, type: 2}
      propertyPath: m_LocalEulerAnglesHint.z
      value: 180.00002
      objectReference: {fileID: 0}
    - target: {fileID: 4447346433621762, guid: b111af940d3baca4ca69ae3d75247039, type: 2}
      propertyPath: m_LocalEulerAnglesHint.x
      value: -31.259
      objectReference: {fileID: 0}
    m_RemovedComponents: []
  m_SourcePrefab: {fileID: 100100000, guid: b111af940d3baca4ca69ae3d75247039, type: 2}
  m_IsPrefabAsset: 0
--- !u!1001 &86557199
Prefab:
  m_ObjectHideFlags: 0
  serializedVersion: 2
  m_Modification:
    m_TransformParent: {fileID: 0}
    m_Modifications:
    - target: {fileID: 4329536567867108, guid: 4a4f4b4765d950d44a892f2c72b92da4, type: 2}
      propertyPath: m_LocalPosition.x
      value: -1.8
      objectReference: {fileID: 0}
    - target: {fileID: 4329536567867108, guid: 4a4f4b4765d950d44a892f2c72b92da4, type: 2}
      propertyPath: m_LocalPosition.y
      value: -0.01
      objectReference: {fileID: 0}
    - target: {fileID: 4329536567867108, guid: 4a4f4b4765d950d44a892f2c72b92da4, type: 2}
      propertyPath: m_LocalPosition.z
      value: 0.14
      objectReference: {fileID: 0}
    - target: {fileID: 4329536567867108, guid: 4a4f4b4765d950d44a892f2c72b92da4, type: 2}
      propertyPath: m_LocalRotation.x
      value: 0
      objectReference: {fileID: 0}
    - target: {fileID: 4329536567867108, guid: 4a4f4b4765d950d44a892f2c72b92da4, type: 2}
      propertyPath: m_LocalRotation.y
      value: 0
      objectReference: {fileID: 0}
    - target: {fileID: 4329536567867108, guid: 4a4f4b4765d950d44a892f2c72b92da4, type: 2}
      propertyPath: m_LocalRotation.z
      value: 0
      objectReference: {fileID: 0}
    - target: {fileID: 4329536567867108, guid: 4a4f4b4765d950d44a892f2c72b92da4, type: 2}
      propertyPath: m_LocalRotation.w
      value: 1
      objectReference: {fileID: 0}
    - target: {fileID: 4329536567867108, guid: 4a4f4b4765d950d44a892f2c72b92da4, type: 2}
      propertyPath: m_RootOrder
      value: 10
      objectReference: {fileID: 0}
    m_RemovedComponents: []
  m_SourcePrefab: {fileID: 100100000, guid: 4a4f4b4765d950d44a892f2c72b92da4, type: 2}
  m_IsPrefabAsset: 0
--- !u!1 &119699046 stripped
GameObject:
  m_CorrespondingSourceObject: {fileID: 1440068804698710, guid: 0044b682ef11c564d9926c9be8aa7e35,
    type: 2}
  m_PrefabInternal: {fileID: 474377888}
--- !u!114 &119699047
MonoBehaviour:
  m_ObjectHideFlags: 0
  m_CorrespondingSourceObject: {fileID: 0}
  m_PrefabInternal: {fileID: 0}
  m_GameObject: {fileID: 119699046}
  m_Enabled: 1
  m_EditorHideFlags: 0
  m_Script: {fileID: 11500000, guid: 5558f283c42c2e74abae4c39afa7168f, type: 3}
  m_Name: 
  m_EditorClassIdentifier: 
  movementVector: {x: 0, y: -23, z: 0}
  oscillationPercentage: 0
  periodInSeconds: 5
  IsMoving: 1
  motionType: 0
--- !u!1001 &193864684
Prefab:
  m_ObjectHideFlags: 0
  serializedVersion: 2
  m_Modification:
    m_TransformParent: {fileID: 0}
    m_Modifications:
    - target: {fileID: 4865304887739856, guid: 28b08c5c65247734985d377eb1cd4456, type: 2}
      propertyPath: m_LocalPosition.x
      value: -21.8
      objectReference: {fileID: 0}
    - target: {fileID: 4865304887739856, guid: 28b08c5c65247734985d377eb1cd4456, type: 2}
      propertyPath: m_LocalPosition.y
      value: 4.5
      objectReference: {fileID: 0}
    - target: {fileID: 4865304887739856, guid: 28b08c5c65247734985d377eb1cd4456, type: 2}
      propertyPath: m_LocalPosition.z
      value: 15
      objectReference: {fileID: 0}
    - target: {fileID: 4865304887739856, guid: 28b08c5c65247734985d377eb1cd4456, type: 2}
      propertyPath: m_LocalRotation.x
      value: 0
      objectReference: {fileID: 0}
    - target: {fileID: 4865304887739856, guid: 28b08c5c65247734985d377eb1cd4456, type: 2}
      propertyPath: m_LocalRotation.y
      value: -0
      objectReference: {fileID: 0}
    - target: {fileID: 4865304887739856, guid: 28b08c5c65247734985d377eb1cd4456, type: 2}
      propertyPath: m_LocalRotation.z
      value: 0.87814593
      objectReference: {fileID: 0}
    - target: {fileID: 4865304887739856, guid: 28b08c5c65247734985d377eb1cd4456, type: 2}
      propertyPath: m_LocalRotation.w
      value: -0.47839293
      objectReference: {fileID: 0}
    - target: {fileID: 4865304887739856, guid: 28b08c5c65247734985d377eb1cd4456, type: 2}
      propertyPath: m_RootOrder
      value: 2
      objectReference: {fileID: 0}
    - target: {fileID: 4865304887739856, guid: 28b08c5c65247734985d377eb1cd4456, type: 2}
      propertyPath: m_LocalEulerAnglesHint.z
      value: 237.161
      objectReference: {fileID: 0}
    m_RemovedComponents: []
  m_SourcePrefab: {fileID: 100100000, guid: 28b08c5c65247734985d377eb1cd4456, type: 2}
  m_IsPrefabAsset: 0
--- !u!1001 &249368422
Prefab:
  m_ObjectHideFlags: 0
  serializedVersion: 2
  m_Modification:
    m_TransformParent: {fileID: 0}
    m_Modifications:
    - target: {fileID: 4828872920268998, guid: 61aaf0027f6ec0c458a7b4c08d899f52, type: 2}
      propertyPath: m_LocalPosition.x
      value: -1.8
      objectReference: {fileID: 0}
    - target: {fileID: 4828872920268998, guid: 61aaf0027f6ec0c458a7b4c08d899f52, type: 2}
      propertyPath: m_LocalPosition.y
      value: 27
      objectReference: {fileID: 0}
    - target: {fileID: 4828872920268998, guid: 61aaf0027f6ec0c458a7b4c08d899f52, type: 2}
      propertyPath: m_LocalPosition.z
      value: 0.16
      objectReference: {fileID: 0}
    - target: {fileID: 4828872920268998, guid: 61aaf0027f6ec0c458a7b4c08d899f52, type: 2}
      propertyPath: m_LocalRotation.x
      value: 0
      objectReference: {fileID: 0}
    - target: {fileID: 4828872920268998, guid: 61aaf0027f6ec0c458a7b4c08d899f52, type: 2}
      propertyPath: m_LocalRotation.y
      value: 0
      objectReference: {fileID: 0}
    - target: {fileID: 4828872920268998, guid: 61aaf0027f6ec0c458a7b4c08d899f52, type: 2}
      propertyPath: m_LocalRotation.z
      value: 0
      objectReference: {fileID: 0}
    - target: {fileID: 4828872920268998, guid: 61aaf0027f6ec0c458a7b4c08d899f52, type: 2}
      propertyPath: m_LocalRotation.w
      value: 1
      objectReference: {fileID: 0}
    - target: {fileID: 4828872920268998, guid: 61aaf0027f6ec0c458a7b4c08d899f52, type: 2}
      propertyPath: m_RootOrder
      value: 9
      objectReference: {fileID: 0}
    m_RemovedComponents: []
  m_SourcePrefab: {fileID: 100100000, guid: 61aaf0027f6ec0c458a7b4c08d899f52, type: 2}
  m_IsPrefabAsset: 0
--- !u!1001 &288075823
Prefab:
  m_ObjectHideFlags: 0
  serializedVersion: 2
  m_Modification:
    m_TransformParent: {fileID: 0}
    m_Modifications:
    - target: {fileID: 4518624687608800, guid: 39dfd7c0e04cd8349a92f26b1aea8d17, type: 2}
      propertyPath: m_LocalPosition.x
      value: 0
      objectReference: {fileID: 0}
    - target: {fileID: 4518624687608800, guid: 39dfd7c0e04cd8349a92f26b1aea8d17, type: 2}
      propertyPath: m_LocalPosition.y
      value: 48.72
      objectReference: {fileID: 0}
    - target: {fileID: 4518624687608800, guid: 39dfd7c0e04cd8349a92f26b1aea8d17, type: 2}
      propertyPath: m_LocalPosition.z
      value: 29.8
      objectReference: {fileID: 0}
    - target: {fileID: 4518624687608800, guid: 39dfd7c0e04cd8349a92f26b1aea8d17, type: 2}
      propertyPath: m_LocalRotation.x
      value: 0.7071068
      objectReference: {fileID: 0}
    - target: {fileID: 4518624687608800, guid: 39dfd7c0e04cd8349a92f26b1aea8d17, type: 2}
      propertyPath: m_LocalRotation.y
      value: -0
      objectReference: {fileID: 0}
    - target: {fileID: 4518624687608800, guid: 39dfd7c0e04cd8349a92f26b1aea8d17, type: 2}
      propertyPath: m_LocalRotation.z
      value: -0
      objectReference: {fileID: 0}
    - target: {fileID: 4518624687608800, guid: 39dfd7c0e04cd8349a92f26b1aea8d17, type: 2}
      propertyPath: m_LocalRotation.w
      value: -0.7071068
      objectReference: {fileID: 0}
    - target: {fileID: 4518624687608800, guid: 39dfd7c0e04cd8349a92f26b1aea8d17, type: 2}
      propertyPath: m_RootOrder
      value: 14
      objectReference: {fileID: 0}
    m_RemovedComponents: []
  m_SourcePrefab: {fileID: 100100000, guid: 39dfd7c0e04cd8349a92f26b1aea8d17, type: 2}
  m_IsPrefabAsset: 0
--- !u!1001 &380136763
Prefab:
  m_ObjectHideFlags: 0
  serializedVersion: 2
  m_Modification:
    m_TransformParent: {fileID: 0}
    m_Modifications:
    - target: {fileID: 4758936358084698, guid: 58f843e6efa25534e8802bc56bda4ad6, type: 2}
      propertyPath: m_LocalPosition.x
      value: -7.98
      objectReference: {fileID: 0}
    - target: {fileID: 4758936358084698, guid: 58f843e6efa25534e8802bc56bda4ad6, type: 2}
      propertyPath: m_LocalPosition.y
      value: 10.97
      objectReference: {fileID: 0}
    - target: {fileID: 4758936358084698, guid: 58f843e6efa25534e8802bc56bda4ad6, type: 2}
      propertyPath: m_LocalPosition.z
      value: 15
      objectReference: {fileID: 0}
    - target: {fileID: 4758936358084698, guid: 58f843e6efa25534e8802bc56bda4ad6, type: 2}
      propertyPath: m_LocalRotation.x
      value: -0
      objectReference: {fileID: 0}
    - target: {fileID: 4758936358084698, guid: 58f843e6efa25534e8802bc56bda4ad6, type: 2}
      propertyPath: m_LocalRotation.y
      value: -0
      objectReference: {fileID: 0}
    - target: {fileID: 4758936358084698, guid: 58f843e6efa25534e8802bc56bda4ad6, type: 2}
      propertyPath: m_LocalRotation.z
      value: 0.8154642
      objectReference: {fileID: 0}
    - target: {fileID: 4758936358084698, guid: 58f843e6efa25534e8802bc56bda4ad6, type: 2}
      propertyPath: m_LocalRotation.w
      value: -0.5788074
      objectReference: {fileID: 0}
    - target: {fileID: 4758936358084698, guid: 58f843e6efa25534e8802bc56bda4ad6, type: 2}
      propertyPath: m_RootOrder
      value: 1
      objectReference: {fileID: 0}
    - target: {fileID: 1154101772610644, guid: 58f843e6efa25534e8802bc56bda4ad6, type: 2}
      propertyPath: m_Name
      value: Right Angle Obstacle (2)
      objectReference: {fileID: 0}
    - target: {fileID: 4758936358084698, guid: 58f843e6efa25534e8802bc56bda4ad6, type: 2}
      propertyPath: m_LocalEulerAnglesHint.z
      value: 250.733
      objectReference: {fileID: 0}
    m_RemovedComponents: []
  m_SourcePrefab: {fileID: 100100000, guid: 58f843e6efa25534e8802bc56bda4ad6, type: 2}
  m_IsPrefabAsset: 0
--- !u!1001 &474377888
Prefab:
  m_ObjectHideFlags: 0
  serializedVersion: 2
  m_Modification:
    m_TransformParent: {fileID: 0}
    m_Modifications:
    - target: {fileID: 4759628598502154, guid: 0044b682ef11c564d9926c9be8aa7e35, type: 2}
      propertyPath: m_LocalPosition.x
      value: 32.88
      objectReference: {fileID: 0}
    - target: {fileID: 4759628598502154, guid: 0044b682ef11c564d9926c9be8aa7e35, type: 2}
      propertyPath: m_LocalPosition.y
      value: 29.73
      objectReference: {fileID: 0}
    - target: {fileID: 4759628598502154, guid: 0044b682ef11c564d9926c9be8aa7e35, type: 2}
      propertyPath: m_LocalPosition.z
      value: 0
      objectReference: {fileID: 0}
    - target: {fileID: 4759628598502154, guid: 0044b682ef11c564d9926c9be8aa7e35, type: 2}
      propertyPath: m_LocalRotation.x
      value: 0
      objectReference: {fileID: 0}
    - target: {fileID: 4759628598502154, guid: 0044b682ef11c564d9926c9be8aa7e35, type: 2}
      propertyPath: m_LocalRotation.y
      value: 0
      objectReference: {fileID: 0}
    - target: {fileID: 4759628598502154, guid: 0044b682ef11c564d9926c9be8aa7e35, type: 2}
      propertyPath: m_LocalRotation.z
      value: 0.7071068
      objectReference: {fileID: 0}
    - target: {fileID: 4759628598502154, guid: 0044b682ef11c564d9926c9be8aa7e35, type: 2}
      propertyPath: m_LocalRotation.w
      value: 0.7071068
      objectReference: {fileID: 0}
    - target: {fileID: 4759628598502154, guid: 0044b682ef11c564d9926c9be8aa7e35, type: 2}
      propertyPath: m_RootOrder
      value: 6
      objectReference: {fileID: 0}
    - target: {fileID: 1440068804698710, guid: 0044b682ef11c564d9926c9be8aa7e35, type: 2}
      propertyPath: m_Name
      value: Obstacle (4)
      objectReference: {fileID: 0}
    - target: {fileID: 4759628598502154, guid: 0044b682ef11c564d9926c9be8aa7e35, type: 2}
      propertyPath: m_LocalEulerAnglesHint.z
      value: 90
      objectReference: {fileID: 0}
    - target: {fileID: 4759628598502154, guid: 0044b682ef11c564d9926c9be8aa7e35, type: 2}
      propertyPath: m_LocalScale.x
      value: 22.548325
      objectReference: {fileID: 0}
    m_RemovedComponents: []
  m_SourcePrefab: {fileID: 100100000, guid: 0044b682ef11c564d9926c9be8aa7e35, type: 2}
  m_IsPrefabAsset: 0
--- !u!1001 &524739869
Prefab:
  m_ObjectHideFlags: 0
  serializedVersion: 2
  m_Modification:
    m_TransformParent: {fileID: 0}
    m_Modifications:
    - target: {fileID: 4701201807561582, guid: 65e5fd144f4c32f4fb0b80a6a5d16f24, type: 2}
      propertyPath: m_LocalPosition.x
      value: 0
      objectReference: {fileID: 0}
    - target: {fileID: 4701201807561582, guid: 65e5fd144f4c32f4fb0b80a6a5d16f24, type: 2}
      propertyPath: m_LocalPosition.y
      value: -15
      objectReference: {fileID: 0}
    - target: {fileID: 4701201807561582, guid: 65e5fd144f4c32f4fb0b80a6a5d16f24, type: 2}
      propertyPath: m_LocalPosition.z
      value: 0
      objectReference: {fileID: 0}
    - target: {fileID: 4701201807561582, guid: 65e5fd144f4c32f4fb0b80a6a5d16f24, type: 2}
      propertyPath: m_LocalRotation.x
      value: 0
      objectReference: {fileID: 0}
    - target: {fileID: 4701201807561582, guid: 65e5fd144f4c32f4fb0b80a6a5d16f24, type: 2}
      propertyPath: m_LocalRotation.y
      value: 0
      objectReference: {fileID: 0}
    - target: {fileID: 4701201807561582, guid: 65e5fd144f4c32f4fb0b80a6a5d16f24, type: 2}
      propertyPath: m_LocalRotation.z
      value: 0
      objectReference: {fileID: 0}
    - target: {fileID: 4701201807561582, guid: 65e5fd144f4c32f4fb0b80a6a5d16f24, type: 2}
      propertyPath: m_LocalRotation.w
      value: 1
      objectReference: {fileID: 0}
    - target: {fileID: 4701201807561582, guid: 65e5fd144f4c32f4fb0b80a6a5d16f24, type: 2}
      propertyPath: m_RootOrder
      value: 13
      objectReference: {fileID: 0}
    - target: {fileID: 4701201807561582, guid: 65e5fd144f4c32f4fb0b80a6a5d16f24, type: 2}
      propertyPath: m_LocalScale.x
      value: 202.79
      objectReference: {fileID: 0}
    m_RemovedComponents: []
  m_SourcePrefab: {fileID: 100100000, guid: 65e5fd144f4c32f4fb0b80a6a5d16f24, type: 2}
  m_IsPrefabAsset: 0
--- !u!1001 &570790291
Prefab:
  m_ObjectHideFlags: 0
  serializedVersion: 2
  m_Modification:
    m_TransformParent: {fileID: 0}
    m_Modifications:
    - target: {fileID: 4758936358084698, guid: 58f843e6efa25534e8802bc56bda4ad6, type: 2}
      propertyPath: m_LocalPosition.x
      value: -8
      objectReference: {fileID: 0}
    - target: {fileID: 4758936358084698, guid: 58f843e6efa25534e8802bc56bda4ad6, type: 2}
      propertyPath: m_LocalPosition.y
      value: 0
      objectReference: {fileID: 0}
    - target: {fileID: 4758936358084698, guid: 58f843e6efa25534e8802bc56bda4ad6, type: 2}
      propertyPath: m_LocalPosition.z
      value: 0
      objectReference: {fileID: 0}
    - target: {fileID: 4758936358084698, guid: 58f843e6efa25534e8802bc56bda4ad6, type: 2}
      propertyPath: m_LocalRotation.x
      value: 0
      objectReference: {fileID: 0}
    - target: {fileID: 4758936358084698, guid: 58f843e6efa25534e8802bc56bda4ad6, type: 2}
      propertyPath: m_LocalRotation.y
      value: -0
      objectReference: {fileID: 0}
    - target: {fileID: 4758936358084698, guid: 58f843e6efa25534e8802bc56bda4ad6, type: 2}
      propertyPath: m_LocalRotation.z
      value: 0.9238796
      objectReference: {fileID: 0}
    - target: {fileID: 4758936358084698, guid: 58f843e6efa25534e8802bc56bda4ad6, type: 2}
      propertyPath: m_LocalRotation.w
      value: -0.38268325
      objectReference: {fileID: 0}
    - target: {fileID: 4758936358084698, guid: 58f843e6efa25534e8802bc56bda4ad6, type: 2}
      propertyPath: m_RootOrder
      value: 18
      objectReference: {fileID: 0}
    - target: {fileID: 4758936358084698, guid: 58f843e6efa25534e8802bc56bda4ad6, type: 2}
      propertyPath: m_LocalEulerAnglesHint.x
      value: 0
      objectReference: {fileID: 0}
    - target: {fileID: 4758936358084698, guid: 58f843e6efa25534e8802bc56bda4ad6, type: 2}
      propertyPath: m_LocalEulerAnglesHint.y
      value: 0
      objectReference: {fileID: 0}
    - target: {fileID: 4758936358084698, guid: 58f843e6efa25534e8802bc56bda4ad6, type: 2}
      propertyPath: m_LocalEulerAnglesHint.z
      value: 225
      objectReference: {fileID: 0}
    - target: {fileID: 1154101772610644, guid: 58f843e6efa25534e8802bc56bda4ad6, type: 2}
      propertyPath: m_Name
      value: Right Angle Obstacle (1)
      objectReference: {fileID: 0}
    m_RemovedComponents: []
  m_SourcePrefab: {fileID: 100100000, guid: 58f843e6efa25534e8802bc56bda4ad6, type: 2}
  m_IsPrefabAsset: 0
--- !u!1 &570790292 stripped
GameObject:
  m_CorrespondingSourceObject: {fileID: 1154101772610644, guid: 58f843e6efa25534e8802bc56bda4ad6,
    type: 2}
  m_PrefabInternal: {fileID: 570790291}
--- !u!114 &570790293
MonoBehaviour:
  m_ObjectHideFlags: 0
  m_CorrespondingSourceObject: {fileID: 0}
  m_PrefabInternal: {fileID: 0}
  m_GameObject: {fileID: 570790292}
  m_Enabled: 1
  m_EditorHideFlags: 0
  m_Script: {fileID: 11500000, guid: 5558f283c42c2e74abae4c39afa7168f, type: 3}
  m_Name: 
  m_EditorClassIdentifier: 
  movementVector: {x: -18, y: 0, z: 0}
  oscillationPercentage: 0
  periodInSeconds: 5
  IsMoving: 1
  motionType: 1
--- !u!1001 &647982880
Prefab:
  m_ObjectHideFlags: 0
  serializedVersion: 2
  m_Modification:
    m_TransformParent: {fileID: 0}
    m_Modifications:
    - target: {fileID: 4759628598502154, guid: 0044b682ef11c564d9926c9be8aa7e35, type: 2}
      propertyPath: m_LocalPosition.x
      value: -12
      objectReference: {fileID: 0}
    - target: {fileID: 4759628598502154, guid: 0044b682ef11c564d9926c9be8aa7e35, type: 2}
      propertyPath: m_LocalPosition.y
      value: 18.11
      objectReference: {fileID: 0}
    - target: {fileID: 4759628598502154, guid: 0044b682ef11c564d9926c9be8aa7e35, type: 2}
      propertyPath: m_LocalPosition.z
      value: 0.15
      objectReference: {fileID: 0}
    - target: {fileID: 4759628598502154, guid: 0044b682ef11c564d9926c9be8aa7e35, type: 2}
      propertyPath: m_LocalRotation.x
      value: 0
      objectReference: {fileID: 0}
    - target: {fileID: 4759628598502154, guid: 0044b682ef11c564d9926c9be8aa7e35, type: 2}
      propertyPath: m_LocalRotation.y
      value: 0
      objectReference: {fileID: 0}
    - target: {fileID: 4759628598502154, guid: 0044b682ef11c564d9926c9be8aa7e35, type: 2}
      propertyPath: m_LocalRotation.z
      value: 0.7071068
      objectReference: {fileID: 0}
    - target: {fileID: 4759628598502154, guid: 0044b682ef11c564d9926c9be8aa7e35, type: 2}
      propertyPath: m_LocalRotation.w
      value: 0.7071068
      objectReference: {fileID: 0}
    - target: {fileID: 4759628598502154, guid: 0044b682ef11c564d9926c9be8aa7e35, type: 2}
      propertyPath: m_RootOrder
      value: 6
      objectReference: {fileID: 0}
    - target: {fileID: 1440068804698710, guid: 0044b682ef11c564d9926c9be8aa7e35, type: 2}
      propertyPath: m_Name
      value: Obstacle (6)
      objectReference: {fileID: 0}
    - target: {fileID: 4759628598502154, guid: 0044b682ef11c564d9926c9be8aa7e35, type: 2}
      propertyPath: m_LocalEulerAnglesHint.z
      value: 90
      objectReference: {fileID: 0}
    - target: {fileID: 4759628598502154, guid: 0044b682ef11c564d9926c9be8aa7e35, type: 2}
      propertyPath: m_LocalScale.x
      value: 20
      objectReference: {fileID: 0}
    m_RemovedComponents: []
  m_SourcePrefab: {fileID: 100100000, guid: 0044b682ef11c564d9926c9be8aa7e35, type: 2}
  m_IsPrefabAsset: 0
--- !u!1 &647982881 stripped
GameObject:
  m_CorrespondingSourceObject: {fileID: 1440068804698710, guid: 0044b682ef11c564d9926c9be8aa7e35,
    type: 2}
  m_PrefabInternal: {fileID: 647982880}
--- !u!114 &647982882
MonoBehaviour:
  m_ObjectHideFlags: 0
  m_CorrespondingSourceObject: {fileID: 0}
  m_PrefabInternal: {fileID: 0}
  m_GameObject: {fileID: 647982881}
  m_Enabled: 1
  m_EditorHideFlags: 0
  m_Script: {fileID: 11500000, guid: 5558f283c42c2e74abae4c39afa7168f, type: 3}
  m_Name: 
  m_EditorClassIdentifier: 
  movementVector: {x: -4, y: 0, z: 0}
  oscillationPercentage: 0
  periodInSeconds: 1
  IsMoving: 1
  motionType: 0
--- !u!1001 &687953767
Prefab:
  m_ObjectHideFlags: 0
  serializedVersion: 2
  m_Modification:
    m_TransformParent: {fileID: 0}
    m_Modifications:
    - target: {fileID: 4758936358084698, guid: 58f843e6efa25534e8802bc56bda4ad6, type: 2}
      propertyPath: m_LocalPosition.x
      value: 3.45
      objectReference: {fileID: 0}
    - target: {fileID: 4758936358084698, guid: 58f843e6efa25534e8802bc56bda4ad6, type: 2}
      propertyPath: m_LocalPosition.y
      value: 15.69
      objectReference: {fileID: 0}
    - target: {fileID: 4758936358084698, guid: 58f843e6efa25534e8802bc56bda4ad6, type: 2}
      propertyPath: m_LocalPosition.z
      value: 15
      objectReference: {fileID: 0}
    - target: {fileID: 4758936358084698, guid: 58f843e6efa25534e8802bc56bda4ad6, type: 2}
      propertyPath: m_LocalRotation.x
      value: 0
      objectReference: {fileID: 0}
    - target: {fileID: 4758936358084698, guid: 58f843e6efa25534e8802bc56bda4ad6, type: 2}
      propertyPath: m_LocalRotation.y
      value: -0
      objectReference: {fileID: 0}
    - target: {fileID: 4758936358084698, guid: 58f843e6efa25534e8802bc56bda4ad6, type: 2}
      propertyPath: m_LocalRotation.z
      value: 0.92700404
      objectReference: {fileID: 0}
    - target: {fileID: 4758936358084698, guid: 58f843e6efa25534e8802bc56bda4ad6, type: 2}
      propertyPath: m_LocalRotation.w
      value: -0.3750514
      objectReference: {fileID: 0}
    - target: {fileID: 4758936358084698, guid: 58f843e6efa25534e8802bc56bda4ad6, type: 2}
      propertyPath: m_RootOrder
      value: 1
      objectReference: {fileID: 0}
    - target: {fileID: 1154101772610644, guid: 58f843e6efa25534e8802bc56bda4ad6, type: 2}
      propertyPath: m_Name
      value: Right Angle Obstacle (4)
      objectReference: {fileID: 0}
    m_RemovedComponents: []
  m_SourcePrefab: {fileID: 100100000, guid: 58f843e6efa25534e8802bc56bda4ad6, type: 2}
  m_IsPrefabAsset: 0
--- !u!1001 &960816509
Prefab:
  m_ObjectHideFlags: 0
  serializedVersion: 2
  m_Modification:
    m_TransformParent: {fileID: 0}
    m_Modifications:
    - target: {fileID: 4759628598502154, guid: 0044b682ef11c564d9926c9be8aa7e35, type: 2}
      propertyPath: m_LocalPosition.x
      value: -33.84
      objectReference: {fileID: 0}
    - target: {fileID: 4759628598502154, guid: 0044b682ef11c564d9926c9be8aa7e35, type: 2}
      propertyPath: m_LocalPosition.y
      value: 29.73
      objectReference: {fileID: 0}
    - target: {fileID: 4759628598502154, guid: 0044b682ef11c564d9926c9be8aa7e35, type: 2}
      propertyPath: m_LocalPosition.z
      value: 0
      objectReference: {fileID: 0}
    - target: {fileID: 4759628598502154, guid: 0044b682ef11c564d9926c9be8aa7e35, type: 2}
      propertyPath: m_LocalRotation.x
      value: 0
      objectReference: {fileID: 0}
    - target: {fileID: 4759628598502154, guid: 0044b682ef11c564d9926c9be8aa7e35, type: 2}
      propertyPath: m_LocalRotation.y
      value: 0
      objectReference: {fileID: 0}
    - target: {fileID: 4759628598502154, guid: 0044b682ef11c564d9926c9be8aa7e35, type: 2}
      propertyPath: m_LocalRotation.z
      value: 0.7071068
      objectReference: {fileID: 0}
    - target: {fileID: 4759628598502154, guid: 0044b682ef11c564d9926c9be8aa7e35, type: 2}
      propertyPath: m_LocalRotation.w
      value: 0.7071068
      objectReference: {fileID: 0}
    - target: {fileID: 4759628598502154, guid: 0044b682ef11c564d9926c9be8aa7e35, type: 2}
      propertyPath: m_RootOrder
      value: 17
      objectReference: {fileID: 0}
    - target: {fileID: 1440068804698710, guid: 0044b682ef11c564d9926c9be8aa7e35, type: 2}
      propertyPath: m_Name
      value: Obstacle (5)
      objectReference: {fileID: 0}
    - target: {fileID: 4759628598502154, guid: 0044b682ef11c564d9926c9be8aa7e35, type: 2}
      propertyPath: m_LocalEulerAnglesHint.z
      value: 90
      objectReference: {fileID: 0}
    - target: {fileID: 4759628598502154, guid: 0044b682ef11c564d9926c9be8aa7e35, type: 2}
      propertyPath: m_LocalScale.x
      value: 22.548325
      objectReference: {fileID: 0}
    m_RemovedComponents: []
  m_SourcePrefab: {fileID: 100100000, guid: 0044b682ef11c564d9926c9be8aa7e35, type: 2}
  m_IsPrefabAsset: 0
--- !u!1001 &1016849994
Prefab:
  m_ObjectHideFlags: 0
  serializedVersion: 2
  m_Modification:
    m_TransformParent: {fileID: 0}
    m_Modifications:
    - target: {fileID: 4244842015529776, guid: 02b8bc241ac5ec447bb0c84608e3e23f, type: 2}
      propertyPath: m_LocalPosition.x
      value: 10
      objectReference: {fileID: 0}
    - target: {fileID: 4244842015529776, guid: 02b8bc241ac5ec447bb0c84608e3e23f, type: 2}
      propertyPath: m_LocalPosition.y
      value: 25
      objectReference: {fileID: 0}
    - target: {fileID: 4244842015529776, guid: 02b8bc241ac5ec447bb0c84608e3e23f, type: 2}
      propertyPath: m_LocalPosition.z
      value: 0
      objectReference: {fileID: 0}
    - target: {fileID: 4244842015529776, guid: 02b8bc241ac5ec447bb0c84608e3e23f, type: 2}
      propertyPath: m_LocalRotation.x
      value: 0.40821788
      objectReference: {fileID: 0}
    - target: {fileID: 4244842015529776, guid: 02b8bc241ac5ec447bb0c84608e3e23f, type: 2}
      propertyPath: m_LocalRotation.y
      value: -0.23456968
      objectReference: {fileID: 0}
    - target: {fileID: 4244842015529776, guid: 02b8bc241ac5ec447bb0c84608e3e23f, type: 2}
      propertyPath: m_LocalRotation.z
      value: 0.10938163
      objectReference: {fileID: 0}
    - target: {fileID: 4244842015529776, guid: 02b8bc241ac5ec447bb0c84608e3e23f, type: 2}
      propertyPath: m_LocalRotation.w
      value: 0.8754261
      objectReference: {fileID: 0}
    - target: {fileID: 4244842015529776, guid: 02b8bc241ac5ec447bb0c84608e3e23f, type: 2}
      propertyPath: m_RootOrder
      value: 11
      objectReference: {fileID: 0}
    - target: {fileID: 108227688828290822, guid: 02b8bc241ac5ec447bb0c84608e3e23f,
        type: 2}
      propertyPath: m_Intensity
      value: 1
      objectReference: {fileID: 0}
    - target: {fileID: 108227688828290822, guid: 02b8bc241ac5ec447bb0c84608e3e23f,
        type: 2}
      propertyPath: m_BounceIntensity
      value: 1
      objectReference: {fileID: 0}
    - target: {fileID: 108227688828290822, guid: 02b8bc241ac5ec447bb0c84608e3e23f,
        type: 2}
      propertyPath: m_Enabled
      value: 0
      objectReference: {fileID: 0}
    m_RemovedComponents: []
  m_SourcePrefab: {fileID: 100100000, guid: 02b8bc241ac5ec447bb0c84608e3e23f, type: 2}
  m_IsPrefabAsset: 0
--- !u!1001 &1024555032
Prefab:
  m_ObjectHideFlags: 0
  serializedVersion: 2
  m_Modification:
    m_TransformParent: {fileID: 0}
    m_Modifications:
    - target: {fileID: 4988743636497964, guid: 2c2a8a116e727354787bd0de4f133b24, type: 2}
      propertyPath: m_LocalPosition.x
      value: 0
      objectReference: {fileID: 0}
    - target: {fileID: 4988743636497964, guid: 2c2a8a116e727354787bd0de4f133b24, type: 2}
      propertyPath: m_LocalPosition.y
      value: 6.06
      objectReference: {fileID: 0}
    - target: {fileID: 4988743636497964, guid: 2c2a8a116e727354787bd0de4f133b24, type: 2}
      propertyPath: m_LocalPosition.z
      value: -49.71
      objectReference: {fileID: 0}
    - target: {fileID: 4988743636497964, guid: 2c2a8a116e727354787bd0de4f133b24, type: 2}
      propertyPath: m_LocalRotation.x
      value: 0
      objectReference: {fileID: 0}
    - target: {fileID: 4988743636497964, guid: 2c2a8a116e727354787bd0de4f133b24, type: 2}
      propertyPath: m_LocalRotation.y
      value: 0
      objectReference: {fileID: 0}
    - target: {fileID: 4988743636497964, guid: 2c2a8a116e727354787bd0de4f133b24, type: 2}
      propertyPath: m_LocalRotation.z
      value: 0
      objectReference: {fileID: 0}
    - target: {fileID: 4988743636497964, guid: 2c2a8a116e727354787bd0de4f133b24, type: 2}
      propertyPath: m_LocalRotation.w
      value: 1
      objectReference: {fileID: 0}
    - target: {fileID: 4988743636497964, guid: 2c2a8a116e727354787bd0de4f133b24, type: 2}
      propertyPath: m_RootOrder
      value: 1
      objectReference: {fileID: 0}
    m_RemovedComponents: []
  m_SourcePrefab: {fileID: 100100000, guid: 2c2a8a116e727354787bd0de4f133b24, type: 2}
  m_IsPrefabAsset: 0
--- !u!1001 &1029750345
Prefab:
  m_ObjectHideFlags: 0
  serializedVersion: 2
  m_Modification:
    m_TransformParent: {fileID: 0}
    m_Modifications:
    - target: {fileID: 4865304887739856, guid: 28b08c5c65247734985d377eb1cd4456, type: 2}
      propertyPath: m_LocalPosition.x
      value: 20.3
      objectReference: {fileID: 0}
    - target: {fileID: 4865304887739856, guid: 28b08c5c65247734985d377eb1cd4456, type: 2}
      propertyPath: m_LocalPosition.y
      value: 4.5
      objectReference: {fileID: 0}
    - target: {fileID: 4865304887739856, guid: 28b08c5c65247734985d377eb1cd4456, type: 2}
      propertyPath: m_LocalPosition.z
      value: 15
      objectReference: {fileID: 0}
    - target: {fileID: 4865304887739856, guid: 28b08c5c65247734985d377eb1cd4456, type: 2}
      propertyPath: m_LocalRotation.x
      value: 0.8781441
      objectReference: {fileID: 0}
    - target: {fileID: 4865304887739856, guid: 28b08c5c65247734985d377eb1cd4456, type: 2}
      propertyPath: m_LocalRotation.y
      value: -0.47839636
      objectReference: {fileID: 0}
    - target: {fileID: 4865304887739856, guid: 28b08c5c65247734985d377eb1cd4456, type: 2}
      propertyPath: m_LocalRotation.z
      value: -0
      objectReference: {fileID: 0}
    - target: {fileID: 4865304887739856, guid: 28b08c5c65247734985d377eb1cd4456, type: 2}
      propertyPath: m_LocalRotation.w
      value: 0
      objectReference: {fileID: 0}
    - target: {fileID: 4865304887739856, guid: 28b08c5c65247734985d377eb1cd4456, type: 2}
      propertyPath: m_RootOrder
      value: 21
      objectReference: {fileID: 0}
    - target: {fileID: 4865304887739856, guid: 28b08c5c65247734985d377eb1cd4456, type: 2}
      propertyPath: m_LocalEulerAnglesHint.z
      value: 237.161
      objectReference: {fileID: 0}
    - target: {fileID: 1459477017829048, guid: 28b08c5c65247734985d377eb1cd4456, type: 2}
      propertyPath: m_Name
      value: S-Obstacle (1)
      objectReference: {fileID: 0}
    - target: {fileID: 4865304887739856, guid: 28b08c5c65247734985d377eb1cd4456, type: 2}
      propertyPath: m_LocalEulerAnglesHint.y
      value: 179.99998
      objectReference: {fileID: 0}
    m_RemovedComponents: []
  m_SourcePrefab: {fileID: 100100000, guid: 28b08c5c65247734985d377eb1cd4456, type: 2}
  m_IsPrefabAsset: 0
--- !u!1001 &1177855821
Prefab:
  m_ObjectHideFlags: 0
  serializedVersion: 2
  m_Modification:
    m_TransformParent: {fileID: 0}
    m_Modifications:
    - target: {fileID: 4758936358084698, guid: 58f843e6efa25534e8802bc56bda4ad6, type: 2}
      propertyPath: m_LocalPosition.x
      value: 6.46
      objectReference: {fileID: 0}
    - target: {fileID: 4758936358084698, guid: 58f843e6efa25534e8802bc56bda4ad6, type: 2}
      propertyPath: m_LocalPosition.y
      value: 10.97
      objectReference: {fileID: 0}
    - target: {fileID: 4758936358084698, guid: 58f843e6efa25534e8802bc56bda4ad6, type: 2}
      propertyPath: m_LocalPosition.z
      value: 15
      objectReference: {fileID: 0}
    - target: {fileID: 4758936358084698, guid: 58f843e6efa25534e8802bc56bda4ad6, type: 2}
      propertyPath: m_LocalRotation.x
      value: 0.8154664
      objectReference: {fileID: 0}
    - target: {fileID: 4758936358084698, guid: 58f843e6efa25534e8802bc56bda4ad6, type: 2}
      propertyPath: m_LocalRotation.y
      value: -0.57880443
      objectReference: {fileID: 0}
    - target: {fileID: 4758936358084698, guid: 58f843e6efa25534e8802bc56bda4ad6, type: 2}
      propertyPath: m_LocalRotation.z
      value: 0
      objectReference: {fileID: 0}
    - target: {fileID: 4758936358084698, guid: 58f843e6efa25534e8802bc56bda4ad6, type: 2}
      propertyPath: m_LocalRotation.w
      value: 0
      objectReference: {fileID: 0}
    - target: {fileID: 4758936358084698, guid: 58f843e6efa25534e8802bc56bda4ad6, type: 2}
      propertyPath: m_RootOrder
      value: 22
      objectReference: {fileID: 0}
    - target: {fileID: 1154101772610644, guid: 58f843e6efa25534e8802bc56bda4ad6, type: 2}
      propertyPath: m_Name
      value: Right Angle Obstacle (3)
      objectReference: {fileID: 0}
    - target: {fileID: 4758936358084698, guid: 58f843e6efa25534e8802bc56bda4ad6, type: 2}
      propertyPath: m_LocalEulerAnglesHint.z
      value: 250.733
      objectReference: {fileID: 0}
    - target: {fileID: 4758936358084698, guid: 58f843e6efa25534e8802bc56bda4ad6, type: 2}
      propertyPath: m_LocalEulerAnglesHint.y
      value: 180
      objectReference: {fileID: 0}
    m_RemovedComponents: []
  m_SourcePrefab: {fileID: 100100000, guid: 58f843e6efa25534e8802bc56bda4ad6, type: 2}
  m_IsPrefabAsset: 0
--- !u!1001 &1222034577
Prefab:
  m_ObjectHideFlags: 0
  serializedVersion: 2
  m_Modification:
    m_TransformParent: {fileID: 0}
    m_Modifications:
    - target: {fileID: 4759628598502154, guid: 0044b682ef11c564d9926c9be8aa7e35, type: 2}
      propertyPath: m_LocalPosition.x
      value: 8
      objectReference: {fileID: 0}
    - target: {fileID: 4759628598502154, guid: 0044b682ef11c564d9926c9be8aa7e35, type: 2}
      propertyPath: m_LocalPosition.y
      value: 18.11
      objectReference: {fileID: 0}
    - target: {fileID: 4759628598502154, guid: 0044b682ef11c564d9926c9be8aa7e35, type: 2}
      propertyPath: m_LocalPosition.z
      value: 0.15
      objectReference: {fileID: 0}
    - target: {fileID: 4759628598502154, guid: 0044b682ef11c564d9926c9be8aa7e35, type: 2}
      propertyPath: m_LocalRotation.x
      value: 0
      objectReference: {fileID: 0}
    - target: {fileID: 4759628598502154, guid: 0044b682ef11c564d9926c9be8aa7e35, type: 2}
      propertyPath: m_LocalRotation.y
      value: 0
      objectReference: {fileID: 0}
    - target: {fileID: 4759628598502154, guid: 0044b682ef11c564d9926c9be8aa7e35, type: 2}
      propertyPath: m_LocalRotation.z
      value: 0.7071068
      objectReference: {fileID: 0}
    - target: {fileID: 4759628598502154, guid: 0044b682ef11c564d9926c9be8aa7e35, type: 2}
      propertyPath: m_LocalRotation.w
      value: 0.7071068
      objectReference: {fileID: 0}
    - target: {fileID: 4759628598502154, guid: 0044b682ef11c564d9926c9be8aa7e35, type: 2}
      propertyPath: m_RootOrder
      value: 21
      objectReference: {fileID: 0}
    - target: {fileID: 1440068804698710, guid: 0044b682ef11c564d9926c9be8aa7e35, type: 2}
      propertyPath: m_Name
      value: Obstacle (7)
      objectReference: {fileID: 0}
    - target: {fileID: 4759628598502154, guid: 0044b682ef11c564d9926c9be8aa7e35, type: 2}
      propertyPath: m_LocalEulerAnglesHint.z
      value: 90
      objectReference: {fileID: 0}
    - target: {fileID: 4759628598502154, guid: 0044b682ef11c564d9926c9be8aa7e35, type: 2}
      propertyPath: m_LocalScale.x
      value: 20
      objectReference: {fileID: 0}
    m_RemovedComponents: []
  m_SourcePrefab: {fileID: 100100000, guid: 0044b682ef11c564d9926c9be8aa7e35, type: 2}
  m_IsPrefabAsset: 0
--- !u!1 &1222034578 stripped
GameObject:
  m_CorrespondingSourceObject: {fileID: 1440068804698710, guid: 0044b682ef11c564d9926c9be8aa7e35,
    type: 2}
  m_PrefabInternal: {fileID: 1222034577}
--- !u!114 &1222034579
MonoBehaviour:
  m_ObjectHideFlags: 0
  m_CorrespondingSourceObject: {fileID: 0}
  m_PrefabInternal: {fileID: 0}
  m_GameObject: {fileID: 1222034578}
  m_Enabled: 1
  m_EditorHideFlags: 0
  m_Script: {fileID: 11500000, guid: 5558f283c42c2e74abae4c39afa7168f, type: 3}
  m_Name: 
  m_EditorClassIdentifier: 
  movementVector: {x: 4, y: 0, z: 0}
  oscillationPercentage: 0
  periodInSeconds: 1
  IsMoving: 1
  motionType: 0
--- !u!1001 &1253287579
Prefab:
  m_ObjectHideFlags: 0
  serializedVersion: 2
  m_Modification:
    m_TransformParent: {fileID: 0}
    m_Modifications:
    - target: {fileID: 4759628598502154, guid: 0044b682ef11c564d9926c9be8aa7e35, type: 2}
      propertyPath: m_LocalPosition.x
      value: -50.94
      objectReference: {fileID: 0}
    - target: {fileID: 4759628598502154, guid: 0044b682ef11c564d9926c9be8aa7e35, type: 2}
      propertyPath: m_LocalPosition.y
      value: 8
      objectReference: {fileID: 0}
    - target: {fileID: 4759628598502154, guid: 0044b682ef11c564d9926c9be8aa7e35, type: 2}
      propertyPath: m_LocalPosition.z
      value: -11.72
      objectReference: {fileID: 0}
    - target: {fileID: 4759628598502154, guid: 0044b682ef11c564d9926c9be8aa7e35, type: 2}
      propertyPath: m_LocalRotation.x
      value: 0
      objectReference: {fileID: 0}
    - target: {fileID: 4759628598502154, guid: 0044b682ef11c564d9926c9be8aa7e35, type: 2}
      propertyPath: m_LocalRotation.y
      value: 0
      objectReference: {fileID: 0}
    - target: {fileID: 4759628598502154, guid: 0044b682ef11c564d9926c9be8aa7e35, type: 2}
      propertyPath: m_LocalRotation.z
      value: 0
      objectReference: {fileID: 0}
    - target: {fileID: 4759628598502154, guid: 0044b682ef11c564d9926c9be8aa7e35, type: 2}
      propertyPath: m_LocalRotation.w
      value: 1
      objectReference: {fileID: 0}
    - target: {fileID: 4759628598502154, guid: 0044b682ef11c564d9926c9be8aa7e35, type: 2}
      propertyPath: m_RootOrder
      value: 0
      objectReference: {fileID: 0}
    - target: {fileID: 1440068804698710, guid: 0044b682ef11c564d9926c9be8aa7e35, type: 2}
      propertyPath: m_Name
      value: Obstacle (1)
      objectReference: {fileID: 0}
    - target: {fileID: 4759628598502154, guid: 0044b682ef11c564d9926c9be8aa7e35, type: 2}
      propertyPath: m_LocalScale.y
      value: 82.43466
      objectReference: {fileID: 0}
    - target: {fileID: 4759628598502154, guid: 0044b682ef11c564d9926c9be8aa7e35, type: 2}
      propertyPath: m_LocalScale.x
      value: 3.6773934
      objectReference: {fileID: 0}
    - target: {fileID: 4759628598502154, guid: 0044b682ef11c564d9926c9be8aa7e35, type: 2}
      propertyPath: m_LocalScale.z
      value: 40.848614
      objectReference: {fileID: 0}
    m_RemovedComponents: []
  m_SourcePrefab: {fileID: 100100000, guid: 0044b682ef11c564d9926c9be8aa7e35, type: 2}
  m_IsPrefabAsset: 0
--- !u!1001 &1335697814
Prefab:
  m_ObjectHideFlags: 0
  serializedVersion: 2
  m_Modification:
    m_TransformParent: {fileID: 0}
    m_Modifications:
    - target: {fileID: 4759628598502154, guid: 0044b682ef11c564d9926c9be8aa7e35, type: 2}
      propertyPath: m_LocalPosition.x
      value: -0.48000005
      objectReference: {fileID: 0}
    - target: {fileID: 4759628598502154, guid: 0044b682ef11c564d9926c9be8aa7e35, type: 2}
      propertyPath: m_LocalPosition.y
      value: 18.530003
      objectReference: {fileID: 0}
    - target: {fileID: 4759628598502154, guid: 0044b682ef11c564d9926c9be8aa7e35, type: 2}
      propertyPath: m_LocalPosition.z
      value: 0
      objectReference: {fileID: 0}
    - target: {fileID: 4759628598502154, guid: 0044b682ef11c564d9926c9be8aa7e35, type: 2}
      propertyPath: m_LocalRotation.x
      value: 0
      objectReference: {fileID: 0}
    - target: {fileID: 4759628598502154, guid: 0044b682ef11c564d9926c9be8aa7e35, type: 2}
      propertyPath: m_LocalRotation.y
      value: 0
      objectReference: {fileID: 0}
    - target: {fileID: 4759628598502154, guid: 0044b682ef11c564d9926c9be8aa7e35, type: 2}
      propertyPath: m_LocalRotation.z
      value: 0
      objectReference: {fileID: 0}
    - target: {fileID: 4759628598502154, guid: 0044b682ef11c564d9926c9be8aa7e35, type: 2}
      propertyPath: m_LocalRotation.w
      value: 1
      objectReference: {fileID: 0}
    - target: {fileID: 4759628598502154, guid: 0044b682ef11c564d9926c9be8aa7e35, type: 2}
      propertyPath: m_RootOrder
      value: 7
      objectReference: {fileID: 0}
    - target: {fileID: 1440068804698710, guid: 0044b682ef11c564d9926c9be8aa7e35, type: 2}
      propertyPath: m_Name
      value: Obstacle (3)
      objectReference: {fileID: 0}
    - target: {fileID: 4759628598502154, guid: 0044b682ef11c564d9926c9be8aa7e35, type: 2}
      propertyPath: m_LocalScale.x
      value: 65.73906
      objectReference: {fileID: 0}
    m_RemovedComponents: []
  m_SourcePrefab: {fileID: 100100000, guid: 0044b682ef11c564d9926c9be8aa7e35, type: 2}
  m_IsPrefabAsset: 0
--- !u!1001 &1369766735
Prefab:
  m_ObjectHideFlags: 0
  serializedVersion: 2
  m_Modification:
    m_TransformParent: {fileID: 0}
    m_Modifications:
    - target: {fileID: 4724808072710830, guid: 51800f2fdfc65e748bdca04edf79b625, type: 2}
      propertyPath: m_LocalPosition.x
      value: -1.8
      objectReference: {fileID: 0}
    - target: {fileID: 4724808072710830, guid: 51800f2fdfc65e748bdca04edf79b625, type: 2}
      propertyPath: m_LocalPosition.y
      value: 22.11
      objectReference: {fileID: 0}
    - target: {fileID: 4724808072710830, guid: 51800f2fdfc65e748bdca04edf79b625, type: 2}
      propertyPath: m_LocalPosition.z
      value: 0.14
      objectReference: {fileID: 0}
    - target: {fileID: 4724808072710830, guid: 51800f2fdfc65e748bdca04edf79b625, type: 2}
      propertyPath: m_LocalRotation.x
      value: 0
      objectReference: {fileID: 0}
    - target: {fileID: 4724808072710830, guid: 51800f2fdfc65e748bdca04edf79b625, type: 2}
      propertyPath: m_LocalRotation.y
      value: 0
      objectReference: {fileID: 0}
    - target: {fileID: 4724808072710830, guid: 51800f2fdfc65e748bdca04edf79b625, type: 2}
      propertyPath: m_LocalRotation.z
      value: 0
      objectReference: {fileID: 0}
    - target: {fileID: 4724808072710830, guid: 51800f2fdfc65e748bdca04edf79b625, type: 2}
      propertyPath: m_LocalRotation.w
      value: 1
      objectReference: {fileID: 0}
    - target: {fileID: 4724808072710830, guid: 51800f2fdfc65e748bdca04edf79b625, type: 2}
      propertyPath: m_RootOrder
      value: 12
      objectReference: {fileID: 0}
    - target: {fileID: 4724808072710830, guid: 51800f2fdfc65e748bdca04edf79b625, type: 2}
      propertyPath: m_LocalScale.y
      value: 7.5418105
      objectReference: {fileID: 0}
    m_RemovedComponents: []
  m_SourcePrefab: {fileID: 100100000, guid: 51800f2fdfc65e748bdca04edf79b625, type: 2}
  m_IsPrefabAsset: 0
--- !u!1001 &1391787161
Prefab:
  m_ObjectHideFlags: 0
  serializedVersion: 2
  m_Modification:
    m_TransformParent: {fileID: 0}
    m_Modifications:
    - target: {fileID: 4518624687608800, guid: 39dfd7c0e04cd8349a92f26b1aea8d17, type: 2}
      propertyPath: m_LocalPosition.x
      value: 0
      objectReference: {fileID: 0}
    - target: {fileID: 4518624687608800, guid: 39dfd7c0e04cd8349a92f26b1aea8d17, type: 2}
      propertyPath: m_LocalPosition.y
      value: 48.72
      objectReference: {fileID: 0}
    - target: {fileID: 4518624687608800, guid: 39dfd7c0e04cd8349a92f26b1aea8d17, type: 2}
      propertyPath: m_LocalPosition.z
      value: 29.8
      objectReference: {fileID: 0}
    - target: {fileID: 4518624687608800, guid: 39dfd7c0e04cd8349a92f26b1aea8d17, type: 2}
      propertyPath: m_LocalRotation.x
      value: 0.7071068
      objectReference: {fileID: 0}
    - target: {fileID: 4518624687608800, guid: 39dfd7c0e04cd8349a92f26b1aea8d17, type: 2}
      propertyPath: m_LocalRotation.y
      value: -0
      objectReference: {fileID: 0}
    - target: {fileID: 4518624687608800, guid: 39dfd7c0e04cd8349a92f26b1aea8d17, type: 2}
      propertyPath: m_LocalRotation.z
      value: -0
      objectReference: {fileID: 0}
    - target: {fileID: 4518624687608800, guid: 39dfd7c0e04cd8349a92f26b1aea8d17, type: 2}
      propertyPath: m_LocalRotation.w
      value: -0.7071068
      objectReference: {fileID: 0}
    - target: {fileID: 4518624687608800, guid: 39dfd7c0e04cd8349a92f26b1aea8d17, type: 2}
      propertyPath: m_RootOrder
      value: 16
      objectReference: {fileID: 0}
    - target: {fileID: 1231477821989888, guid: 39dfd7c0e04cd8349a92f26b1aea8d17, type: 2}
      propertyPath: m_Name
      value: Backdrop (1)
      objectReference: {fileID: 0}
    m_RemovedComponents: []
  m_SourcePrefab: {fileID: 100100000, guid: 39dfd7c0e04cd8349a92f26b1aea8d17, type: 2}
  m_IsPrefabAsset: 0
--- !u!1001 &1851448419
Prefab:
  m_ObjectHideFlags: 0
  serializedVersion: 2
  m_Modification:
    m_TransformParent: {fileID: 0}
    m_Modifications:
    - target: {fileID: 4759628598502154, guid: 0044b682ef11c564d9926c9be8aa7e35, type: 2}
      propertyPath: m_LocalPosition.x
      value: 46.54
      objectReference: {fileID: 0}
    - target: {fileID: 4759628598502154, guid: 0044b682ef11c564d9926c9be8aa7e35, type: 2}
      propertyPath: m_LocalPosition.y
      value: 25.04
      objectReference: {fileID: 0}
    - target: {fileID: 4759628598502154, guid: 0044b682ef11c564d9926c9be8aa7e35, type: 2}
      propertyPath: m_LocalPosition.z
      value: -11.2
      objectReference: {fileID: 0}
    - target: {fileID: 4759628598502154, guid: 0044b682ef11c564d9926c9be8aa7e35, type: 2}
      propertyPath: m_LocalRotation.x
      value: 0
      objectReference: {fileID: 0}
    - target: {fileID: 4759628598502154, guid: 0044b682ef11c564d9926c9be8aa7e35, type: 2}
      propertyPath: m_LocalRotation.y
      value: 0
      objectReference: {fileID: 0}
    - target: {fileID: 4759628598502154, guid: 0044b682ef11c564d9926c9be8aa7e35, type: 2}
      propertyPath: m_LocalRotation.z
      value: 0
      objectReference: {fileID: 0}
    - target: {fileID: 4759628598502154, guid: 0044b682ef11c564d9926c9be8aa7e35, type: 2}
      propertyPath: m_LocalRotation.w
      value: 1
      objectReference: {fileID: 0}
    - target: {fileID: 4759628598502154, guid: 0044b682ef11c564d9926c9be8aa7e35, type: 2}
      propertyPath: m_RootOrder
      value: 15
      objectReference: {fileID: 0}
    - target: {fileID: 1440068804698710, guid: 0044b682ef11c564d9926c9be8aa7e35, type: 2}
      propertyPath: m_Name
      value: Obstacle (2)
      objectReference: {fileID: 0}
    - target: {fileID: 4759628598502154, guid: 0044b682ef11c564d9926c9be8aa7e35, type: 2}
      propertyPath: m_LocalScale.y
      value: 49.437405
      objectReference: {fileID: 0}
    - target: {fileID: 4759628598502154, guid: 0044b682ef11c564d9926c9be8aa7e35, type: 2}
      propertyPath: m_LocalScale.x
      value: 3.6773934
      objectReference: {fileID: 0}
    - target: {fileID: 4759628598502154, guid: 0044b682ef11c564d9926c9be8aa7e35, type: 2}
      propertyPath: m_LocalScale.z
      value: 37.31075
      objectReference: {fileID: 0}
    m_RemovedComponents: []
  m_SourcePrefab: {fileID: 100100000, guid: 0044b682ef11c564d9926c9be8aa7e35, type: 2}
  m_IsPrefabAsset: 0
--- !u!1 &2019409725 stripped
GameObject:
  m_CorrespondingSourceObject: {fileID: 1440068804698710, guid: 0044b682ef11c564d9926c9be8aa7e35,
    type: 2}
  m_PrefabInternal: {fileID: 960816509}
--- !u!114 &2019409726
MonoBehaviour:
  m_ObjectHideFlags: 0
  m_CorrespondingSourceObject: {fileID: 0}
  m_PrefabInternal: {fileID: 0}
  m_GameObject: {fileID: 2019409725}
  m_Enabled: 1
  m_EditorHideFlags: 0
  m_Script: {fileID: 11500000, guid: 5558f283c42c2e74abae4c39afa7168f, type: 3}
  m_Name: 
  m_EditorClassIdentifier: 
  movementVector: {x: 0, y: -23, z: 0}
  oscillationPercentage: 0
  periodInSeconds: 5
  IsMoving: 1
  motionType: 0
--- !u!1001 &2034606307
Prefab:
  m_ObjectHideFlags: 0
  serializedVersion: 2
  m_Modification:
    m_TransformParent: {fileID: 0}
    m_Modifications:
    - target: {fileID: 4447346433621762, guid: b111af940d3baca4ca69ae3d75247039, type: 2}
      propertyPath: m_LocalPosition.x
      value: -24.7
      objectReference: {fileID: 0}
    - target: {fileID: 4447346433621762, guid: b111af940d3baca4ca69ae3d75247039, type: 2}
      propertyPath: m_LocalPosition.y
      value: 40.84
      objectReference: {fileID: 0}
    - target: {fileID: 4447346433621762, guid: b111af940d3baca4ca69ae3d75247039, type: 2}
      propertyPath: m_LocalPosition.z
      value: -25.08
      objectReference: {fileID: 0}
    - target: {fileID: 4447346433621762, guid: b111af940d3baca4ca69ae3d75247039, type: 2}
      propertyPath: m_LocalRotation.x
      value: -0
      objectReference: {fileID: 0}
    - target: {fileID: 4447346433621762, guid: b111af940d3baca4ca69ae3d75247039, type: 2}
      propertyPath: m_LocalRotation.y
      value: 0.26941425
      objectReference: {fileID: 0}
    - target: {fileID: 4447346433621762, guid: b111af940d3baca4ca69ae3d75247039, type: 2}
      propertyPath: m_LocalRotation.z
      value: 0.9630244
      objectReference: {fileID: 0}
    - target: {fileID: 4447346433621762, guid: b111af940d3baca4ca69ae3d75247039, type: 2}
      propertyPath: m_LocalRotation.w
      value: 0
      objectReference: {fileID: 0}
    - target: {fileID: 4447346433621762, guid: b111af940d3baca4ca69ae3d75247039, type: 2}
      propertyPath: m_RootOrder
      value: 20
      objectReference: {fileID: 0}
    - target: {fileID: 4447346433621762, guid: b111af940d3baca4ca69ae3d75247039, type: 2}
      propertyPath: m_LocalEulerAnglesHint.z
      value: 180.00002
      objectReference: {fileID: 0}
    - target: {fileID: 4447346433621762, guid: b111af940d3baca4ca69ae3d75247039, type: 2}
      propertyPath: m_LocalEulerAnglesHint.x
      value: -31.259
      objectReference: {fileID: 0}
    - target: {fileID: 1456671975008978, guid: b111af940d3baca4ca69ae3d75247039, type: 2}
      propertyPath: m_Name
      value: Spotlight (1)
      objectReference: {fileID: 0}
    m_RemovedComponents: []
  m_SourcePrefab: {fileID: 100100000, guid: b111af940d3baca4ca69ae3d75247039, type: 2}
  m_IsPrefabAsset: 0
--- !u!1001 &2047573771
Prefab:
  m_ObjectHideFlags: 0
  serializedVersion: 2
  m_Modification:
    m_TransformParent: {fileID: 0}
    m_Modifications:
    - target: {fileID: 4758936358084698, guid: 58f843e6efa25534e8802bc56bda4ad6, type: 2}
      propertyPath: m_LocalPosition.x
      value: 12
      objectReference: {fileID: 0}
    - target: {fileID: 4758936358084698, guid: 58f843e6efa25534e8802bc56bda4ad6, type: 2}
      propertyPath: m_LocalPosition.y
      value: 0
      objectReference: {fileID: 0}
    - target: {fileID: 4758936358084698, guid: 58f843e6efa25534e8802bc56bda4ad6, type: 2}
      propertyPath: m_LocalPosition.z
      value: 0
      objectReference: {fileID: 0}
    - target: {fileID: 4758936358084698, guid: 58f843e6efa25534e8802bc56bda4ad6, type: 2}
      propertyPath: m_LocalRotation.x
      value: 0
      objectReference: {fileID: 0}
    - target: {fileID: 4758936358084698, guid: 58f843e6efa25534e8802bc56bda4ad6, type: 2}
      propertyPath: m_LocalRotation.y
      value: -0
      objectReference: {fileID: 0}
    - target: {fileID: 4758936358084698, guid: 58f843e6efa25534e8802bc56bda4ad6, type: 2}
      propertyPath: m_LocalRotation.z
      value: 0.9238796
      objectReference: {fileID: 0}
    - target: {fileID: 4758936358084698, guid: 58f843e6efa25534e8802bc56bda4ad6, type: 2}
      propertyPath: m_LocalRotation.w
      value: -0.38268325
      objectReference: {fileID: 0}
    - target: {fileID: 4758936358084698, guid: 58f843e6efa25534e8802bc56bda4ad6, type: 2}
      propertyPath: m_RootOrder
      value: 5
      objectReference: {fileID: 0}
    - target: {fileID: 4758936358084698, guid: 58f843e6efa25534e8802bc56bda4ad6, type: 2}
      propertyPath: m_LocalEulerAnglesHint.x
      value: 0
      objectReference: {fileID: 0}
    - target: {fileID: 4758936358084698, guid: 58f843e6efa25534e8802bc56bda4ad6, type: 2}
      propertyPath: m_LocalEulerAnglesHint.y
      value: 0
      objectReference: {fileID: 0}
    - target: {fileID: 4758936358084698, guid: 58f843e6efa25534e8802bc56bda4ad6, type: 2}
      propertyPath: m_LocalEulerAnglesHint.z
      value: 225
      objectReference: {fileID: 0}
    m_RemovedComponents: []
  m_SourcePrefab: {fileID: 100100000, guid: 58f843e6efa25534e8802bc56bda4ad6, type: 2}
  m_IsPrefabAsset: 0
--- !u!1001 &2088568113
Prefab:
  m_ObjectHideFlags: 0
  serializedVersion: 2
  m_Modification:
    m_TransformParent: {fileID: 0}
    m_Modifications:
    - target: {fileID: 4759628598502154, guid: 0044b682ef11c564d9926c9be8aa7e35, type: 2}
      propertyPath: m_LocalPosition.x
      value: -2.4
      objectReference: {fileID: 0}
    - target: {fileID: 4759628598502154, guid: 0044b682ef11c564d9926c9be8aa7e35, type: 2}
      propertyPath: m_LocalPosition.y
      value: 41.51
      objectReference: {fileID: 0}
    - target: {fileID: 4759628598502154, guid: 0044b682ef11c564d9926c9be8aa7e35, type: 2}
      propertyPath: m_LocalPosition.z
      value: 0
      objectReference: {fileID: 0}
    - target: {fileID: 4759628598502154, guid: 0044b682ef11c564d9926c9be8aa7e35, type: 2}
      propertyPath: m_LocalRotation.x
      value: 0
      objectReference: {fileID: 0}
    - target: {fileID: 4759628598502154, guid: 0044b682ef11c564d9926c9be8aa7e35, type: 2}
      propertyPath: m_LocalRotation.y
      value: 0
      objectReference: {fileID: 0}
    - target: {fileID: 4759628598502154, guid: 0044b682ef11c564d9926c9be8aa7e35, type: 2}
      propertyPath: m_LocalRotation.z
      value: 0
      objectReference: {fileID: 0}
    - target: {fileID: 4759628598502154, guid: 0044b682ef11c564d9926c9be8aa7e35, type: 2}
      propertyPath: m_LocalRotation.w
      value: 1
      objectReference: {fileID: 0}
    - target: {fileID: 4759628598502154, guid: 0044b682ef11c564d9926c9be8aa7e35, type: 2}
      propertyPath: m_RootOrder
      value: 8
      objectReference: {fileID: 0}
    - target: {fileID: 4759628598502154, guid: 0044b682ef11c564d9926c9be8aa7e35, type: 2}
      propertyPath: m_LocalScale.x
      value: 94.89877
      objectReference: {fileID: 0}
    - target: {fileID: 4759628598502154, guid: 0044b682ef11c564d9926c9be8aa7e35, type: 2}
      propertyPath: m_LocalScale.z
      value: 12
      objectReference: {fileID: 0}
    m_RemovedComponents: []
  m_SourcePrefab: {fileID: 100100000, guid: 0044b682ef11c564d9926c9be8aa7e35, type: 2}
  m_IsPrefabAsset: 0
