%YAML 1.1
%TAG !u! tag:unity3d.com,2011:
--- !u!29 &1
OcclusionCullingSettings:
  m_ObjectHideFlags: 0
  serializedVersion: 2
  m_OcclusionBakeSettings:
    smallestOccluder: 5
    smallestHole: 0.25
    backfaceThreshold: 100
  m_SceneGUID: 00000000000000000000000000000000
  m_OcclusionCullingData: {fileID: 0}
--- !u!104 &2
RenderSettings:
  m_ObjectHideFlags: 0
  serializedVersion: 9
  m_Fog: 0
  m_FogColor: {r: 0.5, g: 0.5, b: 0.5, a: 1}
  m_FogMode: 3
  m_FogDensity: 0.01
  m_LinearFogStart: 0
  m_LinearFogEnd: 300
  m_AmbientSkyColor: {r: 0.212, g: 0.227, b: 0.259, a: 1}
  m_AmbientEquatorColor: {r: 0.114, g: 0.125, b: 0.133, a: 1}
  m_AmbientGroundColor: {r: 0.047, g: 0.043, b: 0.035, a: 1}
  m_AmbientIntensity: 1
  m_AmbientMode: 0
  m_SubtractiveShadowColor: {r: 0.42, g: 0.478, b: 0.627, a: 1}
  m_SkyboxMaterial: {fileID: 10304, guid: 0000000000000000f000000000000000, type: 0}
  m_HaloStrength: 0.5
  m_FlareStrength: 1
  m_FlareFadeSpeed: 3
  m_HaloTexture: {fileID: 0}
  m_SpotCookie: {fileID: 10001, guid: 0000000000000000e000000000000000, type: 0}
  m_DefaultReflectionMode: 0
  m_DefaultReflectionResolution: 128
  m_ReflectionBounces: 1
  m_ReflectionIntensity: 1
  m_CustomReflection: {fileID: 0}
  m_Sun: {fileID: 0}
  m_IndirectSpecularColor: {r: 0.37311953, g: 0.38074014, b: 0.3587274, a: 1}
  m_UseRadianceAmbientProbe: 0
--- !u!157 &3
LightmapSettings:
  m_ObjectHideFlags: 0
  serializedVersion: 11
  m_GIWorkflowMode: 1
  m_GISettings:
    serializedVersion: 2
    m_BounceScale: 1
    m_IndirectOutputScale: 1
    m_AlbedoBoost: 1
    m_TemporalCoherenceThreshold: 1
    m_EnvironmentLightingMode: 0
    m_EnableBakedLightmaps: 1
    m_EnableRealtimeLightmaps: 0
  m_LightmapEditorSettings:
    serializedVersion: 10
    m_Resolution: 2
    m_BakeResolution: 10
    m_AtlasSize: 512
    m_AO: 0
    m_AOMaxDistance: 1
    m_CompAOExponent: 1
    m_CompAOExponentDirect: 0
    m_Padding: 2
    m_LightmapParameters: {fileID: 0}
    m_LightmapsBakeMode: 1
    m_TextureCompression: 1
    m_FinalGather: 0
    m_FinalGatherFiltering: 1
    m_FinalGatherRayCount: 256
    m_ReflectionCompression: 2
    m_MixedBakeMode: 2
    m_BakeBackend: 1
    m_PVRSampling: 1
    m_PVRDirectSampleCount: 32
    m_PVRSampleCount: 256
    m_PVRBounces: 2
    m_PVRFilterTypeDirect: 0
    m_PVRFilterTypeIndirect: 0
    m_PVRFilterTypeAO: 0
    m_PVRFilteringMode: 1
    m_PVRCulling: 1
    m_PVRFilteringGaussRadiusDirect: 1
    m_PVRFilteringGaussRadiusIndirect: 5
    m_PVRFilteringGaussRadiusAO: 2
    m_PVRFilteringAtrousPositionSigmaDirect: 0.5
    m_PVRFilteringAtrousPositionSigmaIndirect: 2
    m_PVRFilteringAtrousPositionSigmaAO: 1
    m_ShowResolutionOverlay: 1
  m_LightingDataAsset: {fileID: 112000002, guid: 4eee721f0417d66409bfc373e0d31809,
    type: 2}
  m_UseShadowmask: 1
--- !u!196 &4
NavMeshSettings:
  serializedVersion: 2
  m_ObjectHideFlags: 0
  m_BuildSettings:
    serializedVersion: 2
    agentTypeID: 0
    agentRadius: 0.5
    agentHeight: 2
    agentSlope: 45
    agentClimb: 0.4
    ledgeDropHeight: 0
    maxJumpAcrossDistance: 0
    minRegionArea: 2
    manualCellSize: 0
    cellSize: 0.16666667
    manualTileSize: 0
    tileSize: 256
    accuratePlacement: 0
    debug:
      m_Flags: 0
  m_NavMeshData: {fileID: 0}
--- !u!1001 &86557199
Prefab:
  m_ObjectHideFlags: 0
  serializedVersion: 2
  m_Modification:
    m_TransformParent: {fileID: 0}
    m_Modifications:
    - target: {fileID: 4329536567867108, guid: 4a4f4b4765d950d44a892f2c72b92da4, type: 2}
      propertyPath: m_LocalPosition.x
      value: 40.92
      objectReference: {fileID: 0}
    - target: {fileID: 4329536567867108, guid: 4a4f4b4765d950d44a892f2c72b92da4, type: 2}
      propertyPath: m_LocalPosition.y
      value: 23.27
      objectReference: {fileID: 0}
    - target: {fileID: 4329536567867108, guid: 4a4f4b4765d950d44a892f2c72b92da4, type: 2}
      propertyPath: m_LocalPosition.z
      value: 0.14
      objectReference: {fileID: 0}
    - target: {fileID: 4329536567867108, guid: 4a4f4b4765d950d44a892f2c72b92da4, type: 2}
      propertyPath: m_LocalRotation.x
      value: -0
      objectReference: {fileID: 0}
    - target: {fileID: 4329536567867108, guid: 4a4f4b4765d950d44a892f2c72b92da4, type: 2}
      propertyPath: m_LocalRotation.y
      value: -0
      objectReference: {fileID: 0}
    - target: {fileID: 4329536567867108, guid: 4a4f4b4765d950d44a892f2c72b92da4, type: 2}
      propertyPath: m_LocalRotation.z
      value: 0.006809421
      objectReference: {fileID: 0}
    - target: {fileID: 4329536567867108, guid: 4a4f4b4765d950d44a892f2c72b92da4, type: 2}
      propertyPath: m_LocalRotation.w
      value: 0.9999768
      objectReference: {fileID: 0}
    - target: {fileID: 4329536567867108, guid: 4a4f4b4765d950d44a892f2c72b92da4, type: 2}
      propertyPath: m_RootOrder
      value: 16
      objectReference: {fileID: 0}
    - target: {fileID: 4329536567867108, guid: 4a4f4b4765d950d44a892f2c72b92da4, type: 2}
      propertyPath: m_LocalEulerAnglesHint.z
      value: 0.78000003
      objectReference: {fileID: 0}
    m_RemovedComponents: []
  m_SourcePrefab: {fileID: 100100000, guid: 4a4f4b4765d950d44a892f2c72b92da4, type: 2}
  m_IsPrefabAsset: 0
--- !u!1001 &101338871
Prefab:
  m_ObjectHideFlags: 0
  serializedVersion: 2
  m_Modification:
    m_TransformParent: {fileID: 0}
    m_Modifications:
    - target: {fileID: 4759628598502154, guid: 0044b682ef11c564d9926c9be8aa7e35, type: 2}
      propertyPath: m_LocalPosition.x
      value: 44.06
      objectReference: {fileID: 0}
    - target: {fileID: 4759628598502154, guid: 0044b682ef11c564d9926c9be8aa7e35, type: 2}
      propertyPath: m_LocalPosition.y
      value: 5.85
      objectReference: {fileID: 0}
    - target: {fileID: 4759628598502154, guid: 0044b682ef11c564d9926c9be8aa7e35, type: 2}
      propertyPath: m_LocalPosition.z
      value: -17.48
      objectReference: {fileID: 0}
    - target: {fileID: 4759628598502154, guid: 0044b682ef11c564d9926c9be8aa7e35, type: 2}
      propertyPath: m_LocalRotation.x
      value: 0.05044194
      objectReference: {fileID: 0}
    - target: {fileID: 4759628598502154, guid: 0044b682ef11c564d9926c9be8aa7e35, type: 2}
      propertyPath: m_LocalRotation.y
      value: -0.16961719
      objectReference: {fileID: 0}
    - target: {fileID: 4759628598502154, guid: 0044b682ef11c564d9926c9be8aa7e35, type: 2}
      propertyPath: m_LocalRotation.z
      value: 0.40967706
      objectReference: {fileID: 0}
    - target: {fileID: 4759628598502154, guid: 0044b682ef11c564d9926c9be8aa7e35, type: 2}
      propertyPath: m_LocalRotation.w
      value: 0.8949024
      objectReference: {fileID: 0}
    - target: {fileID: 4759628598502154, guid: 0044b682ef11c564d9926c9be8aa7e35, type: 2}
      propertyPath: m_RootOrder
      value: 26
      objectReference: {fileID: 0}
    - target: {fileID: 1440068804698710, guid: 0044b682ef11c564d9926c9be8aa7e35, type: 2}
      propertyPath: m_Name
      value: Obstacle (32)
      objectReference: {fileID: 0}
    - target: {fileID: 4759628598502154, guid: 0044b682ef11c564d9926c9be8aa7e35, type: 2}
      propertyPath: m_LocalEulerAnglesHint.y
      value: -15.630001
      objectReference: {fileID: 0}
    - target: {fileID: 4759628598502154, guid: 0044b682ef11c564d9926c9be8aa7e35, type: 2}
      propertyPath: m_LocalEulerAnglesHint.z
      value: 47.369003
      objectReference: {fileID: 0}
    - target: {fileID: 4759628598502154, guid: 0044b682ef11c564d9926c9be8aa7e35, type: 2}
      propertyPath: m_LocalEulerAnglesHint.x
      value: 13.253
      objectReference: {fileID: 0}
    - target: {fileID: 4759628598502154, guid: 0044b682ef11c564d9926c9be8aa7e35, type: 2}
      propertyPath: m_LocalScale.z
      value: 17.3172
      objectReference: {fileID: 0}
    - target: {fileID: 4759628598502154, guid: 0044b682ef11c564d9926c9be8aa7e35, type: 2}
      propertyPath: m_LocalScale.x
      value: 19.632744
      objectReference: {fileID: 0}
    m_RemovedComponents: []
  m_SourcePrefab: {fileID: 100100000, guid: 0044b682ef11c564d9926c9be8aa7e35, type: 2}
  m_IsPrefabAsset: 0
--- !u!1001 &176839089
Prefab:
  m_ObjectHideFlags: 0
  serializedVersion: 2
  m_Modification:
    m_TransformParent: {fileID: 0}
    m_Modifications:
    - target: {fileID: 4759628598502154, guid: 0044b682ef11c564d9926c9be8aa7e35, type: 2}
      propertyPath: m_LocalPosition.x
      value: -7.67
      objectReference: {fileID: 0}
    - target: {fileID: 4759628598502154, guid: 0044b682ef11c564d9926c9be8aa7e35, type: 2}
      propertyPath: m_LocalPosition.y
      value: 32.92
      objectReference: {fileID: 0}
    - target: {fileID: 4759628598502154, guid: 0044b682ef11c564d9926c9be8aa7e35, type: 2}
      propertyPath: m_LocalPosition.z
      value: 0
      objectReference: {fileID: 0}
    - target: {fileID: 4759628598502154, guid: 0044b682ef11c564d9926c9be8aa7e35, type: 2}
      propertyPath: m_LocalRotation.x
      value: 0
      objectReference: {fileID: 0}
    - target: {fileID: 4759628598502154, guid: 0044b682ef11c564d9926c9be8aa7e35, type: 2}
      propertyPath: m_LocalRotation.y
      value: 0
      objectReference: {fileID: 0}
    - target: {fileID: 4759628598502154, guid: 0044b682ef11c564d9926c9be8aa7e35, type: 2}
      propertyPath: m_LocalRotation.z
      value: 0.7071068
      objectReference: {fileID: 0}
    - target: {fileID: 4759628598502154, guid: 0044b682ef11c564d9926c9be8aa7e35, type: 2}
      propertyPath: m_LocalRotation.w
      value: 0.7071068
      objectReference: {fileID: 0}
    - target: {fileID: 4759628598502154, guid: 0044b682ef11c564d9926c9be8aa7e35, type: 2}
      propertyPath: m_RootOrder
      value: 10
      objectReference: {fileID: 0}
    - target: {fileID: 1440068804698710, guid: 0044b682ef11c564d9926c9be8aa7e35, type: 2}
      propertyPath: m_Name
      value: Obstacle (4)
      objectReference: {fileID: 0}
    - target: {fileID: 4759628598502154, guid: 0044b682ef11c564d9926c9be8aa7e35, type: 2}
      propertyPath: m_LocalEulerAnglesHint.z
      value: 90
      objectReference: {fileID: 0}
    - target: {fileID: 4759628598502154, guid: 0044b682ef11c564d9926c9be8aa7e35, type: 2}
      propertyPath: m_LocalScale.x
      value: 18
      objectReference: {fileID: 0}
    m_RemovedComponents: []
  m_SourcePrefab: {fileID: 100100000, guid: 0044b682ef11c564d9926c9be8aa7e35, type: 2}
  m_IsPrefabAsset: 0
--- !u!1001 &201803814
Prefab:
  m_ObjectHideFlags: 0
  serializedVersion: 2
  m_Modification:
    m_TransformParent: {fileID: 0}
    m_Modifications:
    - target: {fileID: 4758936358084698, guid: 58f843e6efa25534e8802bc56bda4ad6, type: 2}
      propertyPath: m_LocalPosition.x
      value: 7.19
      objectReference: {fileID: 0}
    - target: {fileID: 4758936358084698, guid: 58f843e6efa25534e8802bc56bda4ad6, type: 2}
      propertyPath: m_LocalPosition.y
      value: 17.9
      objectReference: {fileID: 0}
    - target: {fileID: 4758936358084698, guid: 58f843e6efa25534e8802bc56bda4ad6, type: 2}
      propertyPath: m_LocalPosition.z
      value: 0
      objectReference: {fileID: 0}
    - target: {fileID: 4758936358084698, guid: 58f843e6efa25534e8802bc56bda4ad6, type: 2}
      propertyPath: m_LocalRotation.x
      value: 0
      objectReference: {fileID: 0}
    - target: {fileID: 4758936358084698, guid: 58f843e6efa25534e8802bc56bda4ad6, type: 2}
      propertyPath: m_LocalRotation.y
      value: 0
      objectReference: {fileID: 0}
    - target: {fileID: 4758936358084698, guid: 58f843e6efa25534e8802bc56bda4ad6, type: 2}
      propertyPath: m_LocalRotation.z
      value: 0
      objectReference: {fileID: 0}
    - target: {fileID: 4758936358084698, guid: 58f843e6efa25534e8802bc56bda4ad6, type: 2}
      propertyPath: m_LocalRotation.w
      value: 1
      objectReference: {fileID: 0}
    - target: {fileID: 4758936358084698, guid: 58f843e6efa25534e8802bc56bda4ad6, type: 2}
      propertyPath: m_RootOrder
      value: 8
      objectReference: {fileID: 0}
    - target: {fileID: 1154101772610644, guid: 58f843e6efa25534e8802bc56bda4ad6, type: 2}
      propertyPath: m_Name
      value: Right Angle Obstacle (2)
      objectReference: {fileID: 0}
    m_RemovedComponents: []
  m_SourcePrefab: {fileID: 100100000, guid: 58f843e6efa25534e8802bc56bda4ad6, type: 2}
  m_IsPrefabAsset: 0
--- !u!1001 &249368422
Prefab:
  m_ObjectHideFlags: 0
  serializedVersion: 2
  m_Modification:
    m_TransformParent: {fileID: 0}
    m_Modifications:
    - target: {fileID: 4828872920268998, guid: 61aaf0027f6ec0c458a7b4c08d899f52, type: 2}
      propertyPath: m_LocalPosition.x
      value: -43.58
      objectReference: {fileID: 0}
    - target: {fileID: 4828872920268998, guid: 61aaf0027f6ec0c458a7b4c08d899f52, type: 2}
      propertyPath: m_LocalPosition.y
      value: 27.73
      objectReference: {fileID: 0}
    - target: {fileID: 4828872920268998, guid: 61aaf0027f6ec0c458a7b4c08d899f52, type: 2}
      propertyPath: m_LocalPosition.z
      value: 0.16
      objectReference: {fileID: 0}
    - target: {fileID: 4828872920268998, guid: 61aaf0027f6ec0c458a7b4c08d899f52, type: 2}
      propertyPath: m_LocalRotation.x
      value: -0.009887092
      objectReference: {fileID: 0}
    - target: {fileID: 4828872920268998, guid: 61aaf0027f6ec0c458a7b4c08d899f52, type: 2}
      propertyPath: m_LocalRotation.y
      value: 0.002893538
      objectReference: {fileID: 0}
    - target: {fileID: 4828872920268998, guid: 61aaf0027f6ec0c458a7b4c08d899f52, type: 2}
      propertyPath: m_LocalRotation.z
      value: -0.11600212
      objectReference: {fileID: 0}
    - target: {fileID: 4828872920268998, guid: 61aaf0027f6ec0c458a7b4c08d899f52, type: 2}
      propertyPath: m_LocalRotation.w
      value: 0.9931956
      objectReference: {fileID: 0}
    - target: {fileID: 4828872920268998, guid: 61aaf0027f6ec0c458a7b4c08d899f52, type: 2}
      propertyPath: m_RootOrder
      value: 15
      objectReference: {fileID: 0}
    m_RemovedComponents: []
  m_SourcePrefab: {fileID: 100100000, guid: 61aaf0027f6ec0c458a7b4c08d899f52, type: 2}
  m_IsPrefabAsset: 0
--- !u!1001 &288075823
Prefab:
  m_ObjectHideFlags: 0
  serializedVersion: 2
  m_Modification:
    m_TransformParent: {fileID: 0}
    m_Modifications:
    - target: {fileID: 4518624687608800, guid: 39dfd7c0e04cd8349a92f26b1aea8d17, type: 2}
      propertyPath: m_LocalPosition.x
      value: 0
      objectReference: {fileID: 0}
    - target: {fileID: 4518624687608800, guid: 39dfd7c0e04cd8349a92f26b1aea8d17, type: 2}
      propertyPath: m_LocalPosition.y
      value: 48.72
      objectReference: {fileID: 0}
    - target: {fileID: 4518624687608800, guid: 39dfd7c0e04cd8349a92f26b1aea8d17, type: 2}
      propertyPath: m_LocalPosition.z
      value: 29.8
      objectReference: {fileID: 0}
    - target: {fileID: 4518624687608800, guid: 39dfd7c0e04cd8349a92f26b1aea8d17, type: 2}
      propertyPath: m_LocalRotation.x
      value: 0.7071068
      objectReference: {fileID: 0}
    - target: {fileID: 4518624687608800, guid: 39dfd7c0e04cd8349a92f26b1aea8d17, type: 2}
      propertyPath: m_LocalRotation.y
      value: -0
      objectReference: {fileID: 0}
    - target: {fileID: 4518624687608800, guid: 39dfd7c0e04cd8349a92f26b1aea8d17, type: 2}
      propertyPath: m_LocalRotation.z
      value: -0
      objectReference: {fileID: 0}
    - target: {fileID: 4518624687608800, guid: 39dfd7c0e04cd8349a92f26b1aea8d17, type: 2}
      propertyPath: m_LocalRotation.w
      value: -0.7071068
      objectReference: {fileID: 0}
    - target: {fileID: 4518624687608800, guid: 39dfd7c0e04cd8349a92f26b1aea8d17, type: 2}
      propertyPath: m_RootOrder
      value: 20
      objectReference: {fileID: 0}
    m_RemovedComponents: []
  m_SourcePrefab: {fileID: 100100000, guid: 39dfd7c0e04cd8349a92f26b1aea8d17, type: 2}
  m_IsPrefabAsset: 0
--- !u!1001 &315371445
Prefab:
  m_ObjectHideFlags: 0
  serializedVersion: 2
  m_Modification:
    m_TransformParent: {fileID: 0}
    m_Modifications:
    - target: {fileID: 4759628598502154, guid: 0044b682ef11c564d9926c9be8aa7e35, type: 2}
      propertyPath: m_LocalPosition.x
      value: 18.470001
      objectReference: {fileID: 0}
    - target: {fileID: 4759628598502154, guid: 0044b682ef11c564d9926c9be8aa7e35, type: 2}
      propertyPath: m_LocalPosition.y
      value: 6.86
      objectReference: {fileID: 0}
    - target: {fileID: 4759628598502154, guid: 0044b682ef11c564d9926c9be8aa7e35, type: 2}
      propertyPath: m_LocalPosition.z
      value: 0
      objectReference: {fileID: 0}
    - target: {fileID: 4759628598502154, guid: 0044b682ef11c564d9926c9be8aa7e35, type: 2}
      propertyPath: m_LocalRotation.x
      value: 0
      objectReference: {fileID: 0}
    - target: {fileID: 4759628598502154, guid: 0044b682ef11c564d9926c9be8aa7e35, type: 2}
      propertyPath: m_LocalRotation.y
      value: 0
      objectReference: {fileID: 0}
    - target: {fileID: 4759628598502154, guid: 0044b682ef11c564d9926c9be8aa7e35, type: 2}
      propertyPath: m_LocalRotation.z
      value: 0.7071068
      objectReference: {fileID: 0}
    - target: {fileID: 4759628598502154, guid: 0044b682ef11c564d9926c9be8aa7e35, type: 2}
      propertyPath: m_LocalRotation.w
      value: 0.7071068
      objectReference: {fileID: 0}
    - target: {fileID: 4759628598502154, guid: 0044b682ef11c564d9926c9be8aa7e35, type: 2}
      propertyPath: m_RootOrder
      value: 7
      objectReference: {fileID: 0}
    - target: {fileID: 1440068804698710, guid: 0044b682ef11c564d9926c9be8aa7e35, type: 2}
      propertyPath: m_Name
      value: Obstacle (5)
      objectReference: {fileID: 0}
    - target: {fileID: 4759628598502154, guid: 0044b682ef11c564d9926c9be8aa7e35, type: 2}
      propertyPath: m_LocalEulerAnglesHint.z
      value: 90
      objectReference: {fileID: 0}
    m_RemovedComponents: []
  m_SourcePrefab: {fileID: 100100000, guid: 0044b682ef11c564d9926c9be8aa7e35, type: 2}
  m_IsPrefabAsset: 0
--- !u!1 &415596343 stripped
GameObject:
  m_CorrespondingSourceObject: {fileID: 1440068804698710, guid: 0044b682ef11c564d9926c9be8aa7e35,
    type: 2}
  m_PrefabInternal: {fileID: 1747447566}
--- !u!114 &415596344
MonoBehaviour:
  m_ObjectHideFlags: 0
  m_CorrespondingSourceObject: {fileID: 0}
  m_PrefabInternal: {fileID: 0}
  m_GameObject: {fileID: 415596343}
  m_Enabled: 1
  m_EditorHideFlags: 0
  m_Script: {fileID: 11500000, guid: 5558f283c42c2e74abae4c39afa7168f, type: 3}
  m_Name: 
  m_EditorClassIdentifier: 
  movementVector: {x: 15, y: 0, z: 0}
  oscillationPercentage: 0
  periodInSeconds: 5
  IsMoving: 1
  motionType: 0
--- !u!1 &462877154
GameObject:
  m_ObjectHideFlags: 0
  m_CorrespondingSourceObject: {fileID: 1856070688970908, guid: 28b08c5c65247734985d377eb1cd4456,
    type: 2}
  m_PrefabInternal: {fileID: 0}
  serializedVersion: 6
  m_Component:
  - component: {fileID: 462877155}
  - component: {fileID: 462877158}
  - component: {fileID: 462877157}
  - component: {fileID: 462877156}
  m_Layer: 0
  m_Name: Obstacle (8)
  m_TagString: Untagged
  m_Icon: {fileID: 0}
  m_NavMeshLayer: 0
  m_StaticEditorFlags: 0
  m_IsActive: 1
--- !u!4 &462877155
Transform:
  m_ObjectHideFlags: 0
  m_CorrespondingSourceObject: {fileID: 4720939310995014, guid: 28b08c5c65247734985d377eb1cd4456,
    type: 2}
  m_PrefabInternal: {fileID: 0}
  m_GameObject: {fileID: 462877154}
  m_LocalRotation: {x: 0, y: 0, z: 0.2164396, w: 0.97629607}
  m_LocalPosition: {x: 40.53, y: 12.95, z: 0}
  m_LocalScale: {x: 1, y: 25.635601, z: 12}
  m_Children: []
  m_Father: {fileID: 0}
  m_RootOrder: 31
  m_LocalEulerAnglesHint: {x: 0, y: 0, z: 25}
--- !u!65 &462877156
BoxCollider:
  m_ObjectHideFlags: 0
  m_CorrespondingSourceObject: {fileID: 65471681993496778, guid: 28b08c5c65247734985d377eb1cd4456,
    type: 2}
  m_PrefabInternal: {fileID: 0}
  m_GameObject: {fileID: 462877154}
  m_Material: {fileID: 0}
  m_IsTrigger: 0
  m_Enabled: 1
  serializedVersion: 2
  m_Size: {x: 1, y: 1, z: 1}
  m_Center: {x: 0, y: 0, z: 0}
--- !u!23 &462877157
MeshRenderer:
  m_ObjectHideFlags: 0
  m_CorrespondingSourceObject: {fileID: 23884325862840142, guid: 28b08c5c65247734985d377eb1cd4456,
    type: 2}
  m_PrefabInternal: {fileID: 0}
  m_GameObject: {fileID: 462877154}
  m_Enabled: 1
  m_CastShadows: 1
  m_ReceiveShadows: 1
  m_DynamicOccludee: 1
  m_MotionVectors: 1
  m_LightProbeUsage: 1
  m_ReflectionProbeUsage: 1
  m_RenderingLayerMask: 4294967295
  m_Materials:
  - {fileID: 2100000, guid: b951e72578f020c429b538503c363f4e, type: 2}
  m_StaticBatchInfo:
    firstSubMesh: 0
    subMeshCount: 0
  m_StaticBatchRoot: {fileID: 0}
  m_ProbeAnchor: {fileID: 0}
  m_LightProbeVolumeOverride: {fileID: 0}
  m_ScaleInLightmap: 1
  m_PreserveUVs: 0
  m_IgnoreNormalsForChartDetection: 0
  m_ImportantGI: 0
  m_StitchLightmapSeams: 0
  m_SelectedEditorRenderState: 3
  m_MinimumChartSize: 4
  m_AutoUVMaxDistance: 0.5
  m_AutoUVMaxAngle: 89
  m_LightmapParameters: {fileID: 0}
  m_SortingLayerID: 0
  m_SortingLayer: 0
  m_SortingOrder: 0
--- !u!33 &462877158
MeshFilter:
  m_ObjectHideFlags: 0
  m_CorrespondingSourceObject: {fileID: 33759582926481344, guid: 28b08c5c65247734985d377eb1cd4456,
    type: 2}
  m_PrefabInternal: {fileID: 0}
  m_GameObject: {fileID: 462877154}
  m_Mesh: {fileID: 10202, guid: 0000000000000000e000000000000000, type: 0}
--- !u!1001 &515812063
Prefab:
  m_ObjectHideFlags: 0
  serializedVersion: 2
  m_Modification:
    m_TransformParent: {fileID: 0}
    m_Modifications:
    - target: {fileID: 4759628598502154, guid: 0044b682ef11c564d9926c9be8aa7e35, type: 2}
      propertyPath: m_LocalPosition.x
      value: -48.13
      objectReference: {fileID: 0}
    - target: {fileID: 4759628598502154, guid: 0044b682ef11c564d9926c9be8aa7e35, type: 2}
      propertyPath: m_LocalPosition.y
      value: 14.54
      objectReference: {fileID: 0}
    - target: {fileID: 4759628598502154, guid: 0044b682ef11c564d9926c9be8aa7e35, type: 2}
      propertyPath: m_LocalPosition.z
      value: 0
      objectReference: {fileID: 0}
    - target: {fileID: 4759628598502154, guid: 0044b682ef11c564d9926c9be8aa7e35, type: 2}
      propertyPath: m_LocalRotation.x
      value: -0.6120953
      objectReference: {fileID: 0}
    - target: {fileID: 4759628598502154, guid: 0044b682ef11c564d9926c9be8aa7e35, type: 2}
      propertyPath: m_LocalRotation.y
      value: -0.36892778
      objectReference: {fileID: 0}
    - target: {fileID: 4759628598502154, guid: 0044b682ef11c564d9926c9be8aa7e35, type: 2}
      propertyPath: m_LocalRotation.z
      value: -0.6058364
      objectReference: {fileID: 0}
    - target: {fileID: 4759628598502154, guid: 0044b682ef11c564d9926c9be8aa7e35, type: 2}
      propertyPath: m_LocalRotation.w
      value: 0.3495625
      objectReference: {fileID: 0}
    - target: {fileID: 4759628598502154, guid: 0044b682ef11c564d9926c9be8aa7e35, type: 2}
      propertyPath: m_RootOrder
      value: 23
      objectReference: {fileID: 0}
    - target: {fileID: 1440068804698710, guid: 0044b682ef11c564d9926c9be8aa7e35, type: 2}
      propertyPath: m_Name
      value: Obstacle (26)
      objectReference: {fileID: 0}
    - target: {fileID: 4759628598502154, guid: 0044b682ef11c564d9926c9be8aa7e35, type: 2}
      propertyPath: m_LocalScale.y
      value: 2.362
      objectReference: {fileID: 0}
    - target: {fileID: 4759628598502154, guid: 0044b682ef11c564d9926c9be8aa7e35, type: 2}
      propertyPath: m_LocalEulerAnglesHint.z
      value: -183.325
      objectReference: {fileID: 0}
    - target: {fileID: 4759628598502154, guid: 0044b682ef11c564d9926c9be8aa7e35, type: 2}
      propertyPath: m_LocalEulerAnglesHint.x
      value: -61.039
      objectReference: {fileID: 0}
    - target: {fileID: 4759628598502154, guid: 0044b682ef11c564d9926c9be8aa7e35, type: 2}
      propertyPath: m_LocalEulerAnglesHint.y
      value: 92.549
      objectReference: {fileID: 0}
    - target: {fileID: 4759628598502154, guid: 0044b682ef11c564d9926c9be8aa7e35, type: 2}
      propertyPath: m_LocalScale.x
      value: 8.45952
      objectReference: {fileID: 0}
    - target: {fileID: 4759628598502154, guid: 0044b682ef11c564d9926c9be8aa7e35, type: 2}
      propertyPath: m_LocalScale.z
      value: 25.1124
      objectReference: {fileID: 0}
    m_RemovedComponents: []
  m_SourcePrefab: {fileID: 100100000, guid: 0044b682ef11c564d9926c9be8aa7e35, type: 2}
  m_IsPrefabAsset: 0
--- !u!1001 &524739869
Prefab:
  m_ObjectHideFlags: 0
  serializedVersion: 2
  m_Modification:
    m_TransformParent: {fileID: 0}
    m_Modifications:
    - target: {fileID: 4701201807561582, guid: 65e5fd144f4c32f4fb0b80a6a5d16f24, type: 2}
      propertyPath: m_LocalPosition.x
      value: 0
      objectReference: {fileID: 0}
    - target: {fileID: 4701201807561582, guid: 65e5fd144f4c32f4fb0b80a6a5d16f24, type: 2}
      propertyPath: m_LocalPosition.y
      value: -15
      objectReference: {fileID: 0}
    - target: {fileID: 4701201807561582, guid: 65e5fd144f4c32f4fb0b80a6a5d16f24, type: 2}
      propertyPath: m_LocalPosition.z
      value: 0
      objectReference: {fileID: 0}
    - target: {fileID: 4701201807561582, guid: 65e5fd144f4c32f4fb0b80a6a5d16f24, type: 2}
      propertyPath: m_LocalRotation.x
      value: 0
      objectReference: {fileID: 0}
    - target: {fileID: 4701201807561582, guid: 65e5fd144f4c32f4fb0b80a6a5d16f24, type: 2}
      propertyPath: m_LocalRotation.y
      value: 0
      objectReference: {fileID: 0}
    - target: {fileID: 4701201807561582, guid: 65e5fd144f4c32f4fb0b80a6a5d16f24, type: 2}
      propertyPath: m_LocalRotation.z
      value: 0
      objectReference: {fileID: 0}
    - target: {fileID: 4701201807561582, guid: 65e5fd144f4c32f4fb0b80a6a5d16f24, type: 2}
      propertyPath: m_LocalRotation.w
      value: 1
      objectReference: {fileID: 0}
    - target: {fileID: 4701201807561582, guid: 65e5fd144f4c32f4fb0b80a6a5d16f24, type: 2}
      propertyPath: m_RootOrder
      value: 19
      objectReference: {fileID: 0}
    - target: {fileID: 4701201807561582, guid: 65e5fd144f4c32f4fb0b80a6a5d16f24, type: 2}
      propertyPath: m_LocalScale.x
      value: 202.79
      objectReference: {fileID: 0}
    m_RemovedComponents: []
  m_SourcePrefab: {fileID: 100100000, guid: 65e5fd144f4c32f4fb0b80a6a5d16f24, type: 2}
  m_IsPrefabAsset: 0
--- !u!1001 &531863759
Prefab:
  m_ObjectHideFlags: 0
  serializedVersion: 2
  m_Modification:
    m_TransformParent: {fileID: 0}
    m_Modifications:
    - target: {fileID: 4447346433621762, guid: b111af940d3baca4ca69ae3d75247039, type: 2}
      propertyPath: m_LocalPosition.x
      value: 16.87
      objectReference: {fileID: 0}
    - target: {fileID: 4447346433621762, guid: b111af940d3baca4ca69ae3d75247039, type: 2}
      propertyPath: m_LocalPosition.y
      value: 40.88
      objectReference: {fileID: 0}
    - target: {fileID: 4447346433621762, guid: b111af940d3baca4ca69ae3d75247039, type: 2}
      propertyPath: m_LocalPosition.z
      value: 0
      objectReference: {fileID: 0}
    - target: {fileID: 4447346433621762, guid: b111af940d3baca4ca69ae3d75247039, type: 2}
      propertyPath: m_LocalRotation.x
      value: 1
      objectReference: {fileID: 0}
    - target: {fileID: 4447346433621762, guid: b111af940d3baca4ca69ae3d75247039, type: 2}
      propertyPath: m_LocalRotation.y
      value: 0
      objectReference: {fileID: 0}
    - target: {fileID: 4447346433621762, guid: b111af940d3baca4ca69ae3d75247039, type: 2}
      propertyPath: m_LocalRotation.z
      value: 0
      objectReference: {fileID: 0}
    - target: {fileID: 4447346433621762, guid: b111af940d3baca4ca69ae3d75247039, type: 2}
      propertyPath: m_LocalRotation.w
      value: 0
      objectReference: {fileID: 0}
    - target: {fileID: 4447346433621762, guid: b111af940d3baca4ca69ae3d75247039, type: 2}
      propertyPath: m_RootOrder
      value: 30
      objectReference: {fileID: 0}
    - target: {fileID: 4447346433621762, guid: b111af940d3baca4ca69ae3d75247039, type: 2}
      propertyPath: m_LocalEulerAnglesHint.z
      value: 0
      objectReference: {fileID: 0}
    - target: {fileID: 108394679055064644, guid: b111af940d3baca4ca69ae3d75247039,
        type: 2}
      propertyPath: m_Range
      value: 30.27277
      objectReference: {fileID: 0}
    - target: {fileID: 1456671975008978, guid: b111af940d3baca4ca69ae3d75247039, type: 2}
      propertyPath: m_Name
      value: Spotlight (3)
      objectReference: {fileID: 0}
    - target: {fileID: 4447346433621762, guid: b111af940d3baca4ca69ae3d75247039, type: 2}
      propertyPath: m_LocalEulerAnglesHint.x
      value: 180
      objectReference: {fileID: 0}
    m_RemovedComponents: []
  m_SourcePrefab: {fileID: 100100000, guid: b111af940d3baca4ca69ae3d75247039, type: 2}
  m_IsPrefabAsset: 0
--- !u!1001 &532520015
Prefab:
  m_ObjectHideFlags: 0
  serializedVersion: 2
  m_Modification:
    m_TransformParent: {fileID: 0}
    m_Modifications:
    - target: {fileID: 4447346433621762, guid: b111af940d3baca4ca69ae3d75247039, type: 2}
      propertyPath: m_LocalPosition.x
      value: -20.568
      objectReference: {fileID: 0}
    - target: {fileID: 4447346433621762, guid: b111af940d3baca4ca69ae3d75247039, type: 2}
      propertyPath: m_LocalPosition.y
      value: 8.097
      objectReference: {fileID: 0}
    - target: {fileID: 4447346433621762, guid: b111af940d3baca4ca69ae3d75247039, type: 2}
      propertyPath: m_LocalPosition.z
      value: -6.289
      objectReference: {fileID: 0}
    - target: {fileID: 4447346433621762, guid: b111af940d3baca4ca69ae3d75247039, type: 2}
      propertyPath: m_LocalRotation.x
      value: 0
      objectReference: {fileID: 0}
    - target: {fileID: 4447346433621762, guid: b111af940d3baca4ca69ae3d75247039, type: 2}
      propertyPath: m_LocalRotation.y
      value: 0
      objectReference: {fileID: 0}
    - target: {fileID: 4447346433621762, guid: b111af940d3baca4ca69ae3d75247039, type: 2}
      propertyPath: m_LocalRotation.z
      value: 0
      objectReference: {fileID: 0}
    - target: {fileID: 4447346433621762, guid: b111af940d3baca4ca69ae3d75247039, type: 2}
      propertyPath: m_LocalRotation.w
      value: 1
      objectReference: {fileID: 0}
    - target: {fileID: 4447346433621762, guid: b111af940d3baca4ca69ae3d75247039, type: 2}
      propertyPath: m_RootOrder
      value: 1
      objectReference: {fileID: 0}
    - target: {fileID: 4447346433621762, guid: b111af940d3baca4ca69ae3d75247039, type: 2}
      propertyPath: m_LocalEulerAnglesHint.z
      value: 0
      objectReference: {fileID: 0}
    - target: {fileID: 108394679055064644, guid: b111af940d3baca4ca69ae3d75247039,
        type: 2}
      propertyPath: m_Range
      value: 26.498825
      objectReference: {fileID: 0}
    m_RemovedComponents: []
  m_SourcePrefab: {fileID: 100100000, guid: b111af940d3baca4ca69ae3d75247039, type: 2}
  m_IsPrefabAsset: 0
--- !u!1001 &551150873
Prefab:
  m_ObjectHideFlags: 0
  serializedVersion: 2
  m_Modification:
    m_TransformParent: {fileID: 0}
    m_Modifications:
    - target: {fileID: 4759628598502154, guid: 0044b682ef11c564d9926c9be8aa7e35, type: 2}
      propertyPath: m_LocalPosition.x
      value: -2.76
      objectReference: {fileID: 0}
    - target: {fileID: 4759628598502154, guid: 0044b682ef11c564d9926c9be8aa7e35, type: 2}
      propertyPath: m_LocalPosition.y
      value: 0.64
      objectReference: {fileID: 0}
    - target: {fileID: 4759628598502154, guid: 0044b682ef11c564d9926c9be8aa7e35, type: 2}
      propertyPath: m_LocalPosition.z
      value: -13.5
      objectReference: {fileID: 0}
    - target: {fileID: 4759628598502154, guid: 0044b682ef11c564d9926c9be8aa7e35, type: 2}
      propertyPath: m_LocalRotation.x
      value: -0.4325203
      objectReference: {fileID: 0}
    - target: {fileID: 4759628598502154, guid: 0044b682ef11c564d9926c9be8aa7e35, type: 2}
      propertyPath: m_LocalRotation.y
      value: -0.5509529
      objectReference: {fileID: 0}
    - target: {fileID: 4759628598502154, guid: 0044b682ef11c564d9926c9be8aa7e35, type: 2}
      propertyPath: m_LocalRotation.z
      value: 0.46280387
      objectReference: {fileID: 0}
    - target: {fileID: 4759628598502154, guid: 0044b682ef11c564d9926c9be8aa7e35, type: 2}
      propertyPath: m_LocalRotation.w
      value: 0.5433137
      objectReference: {fileID: 0}
    - target: {fileID: 4759628598502154, guid: 0044b682ef11c564d9926c9be8aa7e35, type: 2}
      propertyPath: m_RootOrder
      value: 25
      objectReference: {fileID: 0}
    - target: {fileID: 1440068804698710, guid: 0044b682ef11c564d9926c9be8aa7e35, type: 2}
      propertyPath: m_Name
      value: Obstacle (31)
      objectReference: {fileID: 0}
    - target: {fileID: 4759628598502154, guid: 0044b682ef11c564d9926c9be8aa7e35, type: 2}
      propertyPath: m_LocalEulerAnglesHint.y
      value: -88.925
      objectReference: {fileID: 0}
    - target: {fileID: 4759628598502154, guid: 0044b682ef11c564d9926c9be8aa7e35, type: 2}
      propertyPath: m_LocalEulerAnglesHint.z
      value: 78.601006
      objectReference: {fileID: 0}
    - target: {fileID: 4759628598502154, guid: 0044b682ef11c564d9926c9be8aa7e35, type: 2}
      propertyPath: m_LocalEulerAnglesHint.x
      value: 2.2910001
      objectReference: {fileID: 0}
    - target: {fileID: 4759628598502154, guid: 0044b682ef11c564d9926c9be8aa7e35, type: 2}
      propertyPath: m_LocalScale.z
      value: 93.41818
      objectReference: {fileID: 0}
    - target: {fileID: 4759628598502154, guid: 0044b682ef11c564d9926c9be8aa7e35, type: 2}
      propertyPath: m_LocalScale.x
      value: 4.96692
      objectReference: {fileID: 0}
    m_RemovedComponents: []
  m_SourcePrefab: {fileID: 100100000, guid: 0044b682ef11c564d9926c9be8aa7e35, type: 2}
  m_IsPrefabAsset: 0
--- !u!1001 &579766287
Prefab:
  m_ObjectHideFlags: 0
  serializedVersion: 2
  m_Modification:
    m_TransformParent: {fileID: 0}
    m_Modifications:
    - target: {fileID: 4759628598502154, guid: 0044b682ef11c564d9926c9be8aa7e35, type: 2}
      propertyPath: m_LocalPosition.x
      value: 43.79
      objectReference: {fileID: 0}
    - target: {fileID: 4759628598502154, guid: 0044b682ef11c564d9926c9be8aa7e35, type: 2}
      propertyPath: m_LocalPosition.y
      value: 19.19
      objectReference: {fileID: 0}
    - target: {fileID: 4759628598502154, guid: 0044b682ef11c564d9926c9be8aa7e35, type: 2}
      propertyPath: m_LocalPosition.z
      value: 0.27680302
      objectReference: {fileID: 0}
    - target: {fileID: 4759628598502154, guid: 0044b682ef11c564d9926c9be8aa7e35, type: 2}
      propertyPath: m_LocalRotation.x
      value: -0
      objectReference: {fileID: 0}
    - target: {fileID: 4759628598502154, guid: 0044b682ef11c564d9926c9be8aa7e35, type: 2}
      propertyPath: m_LocalRotation.y
      value: -0
      objectReference: {fileID: 0}
    - target: {fileID: 4759628598502154, guid: 0044b682ef11c564d9926c9be8aa7e35, type: 2}
      propertyPath: m_LocalRotation.z
      value: 0.21069689
      objectReference: {fileID: 0}
    - target: {fileID: 4759628598502154, guid: 0044b682ef11c564d9926c9be8aa7e35, type: 2}
      propertyPath: m_LocalRotation.w
      value: 0.9775515
      objectReference: {fileID: 0}
    - target: {fileID: 4759628598502154, guid: 0044b682ef11c564d9926c9be8aa7e35, type: 2}
      propertyPath: m_RootOrder
      value: 4
      objectReference: {fileID: 0}
    - target: {fileID: 1440068804698710, guid: 0044b682ef11c564d9926c9be8aa7e35, type: 2}
      propertyPath: m_Name
      value: Obstacle (9)
      objectReference: {fileID: 0}
    - target: {fileID: 4759628598502154, guid: 0044b682ef11c564d9926c9be8aa7e35, type: 2}
      propertyPath: m_LocalScale.z
      value: 5
      objectReference: {fileID: 0}
    - target: {fileID: 4759628598502154, guid: 0044b682ef11c564d9926c9be8aa7e35, type: 2}
      propertyPath: m_LocalEulerAnglesHint.z
      value: 24.326
      objectReference: {fileID: 0}
    m_RemovedComponents: []
  m_SourcePrefab: {fileID: 100100000, guid: 0044b682ef11c564d9926c9be8aa7e35, type: 2}
  m_IsPrefabAsset: 0
--- !u!1001 &600615785
Prefab:
  m_ObjectHideFlags: 0
  serializedVersion: 2
  m_Modification:
    m_TransformParent: {fileID: 0}
    m_Modifications:
    - target: {fileID: 4759628598502154, guid: 0044b682ef11c564d9926c9be8aa7e35, type: 2}
      propertyPath: m_LocalPosition.x
      value: -49.93
      objectReference: {fileID: 0}
    - target: {fileID: 4759628598502154, guid: 0044b682ef11c564d9926c9be8aa7e35, type: 2}
      propertyPath: m_LocalPosition.y
      value: 21.19
      objectReference: {fileID: 0}
    - target: {fileID: 4759628598502154, guid: 0044b682ef11c564d9926c9be8aa7e35, type: 2}
      propertyPath: m_LocalPosition.z
      value: 0
      objectReference: {fileID: 0}
    - target: {fileID: 4759628598502154, guid: 0044b682ef11c564d9926c9be8aa7e35, type: 2}
      propertyPath: m_LocalRotation.x
      value: -0
      objectReference: {fileID: 0}
    - target: {fileID: 4759628598502154, guid: 0044b682ef11c564d9926c9be8aa7e35, type: 2}
      propertyPath: m_LocalRotation.y
      value: -0
      objectReference: {fileID: 0}
    - target: {fileID: 4759628598502154, guid: 0044b682ef11c564d9926c9be8aa7e35, type: 2}
      propertyPath: m_LocalRotation.z
      value: 0.52181906
      objectReference: {fileID: 0}
    - target: {fileID: 4759628598502154, guid: 0044b682ef11c564d9926c9be8aa7e35, type: 2}
      propertyPath: m_LocalRotation.w
      value: 0.85305625
      objectReference: {fileID: 0}
    - target: {fileID: 4759628598502154, guid: 0044b682ef11c564d9926c9be8aa7e35, type: 2}
      propertyPath: m_RootOrder
      value: 24
      objectReference: {fileID: 0}
    - target: {fileID: 1440068804698710, guid: 0044b682ef11c564d9926c9be8aa7e35, type: 2}
      propertyPath: m_Name
      value: Obstacle (27)
      objectReference: {fileID: 0}
    - target: {fileID: 4759628598502154, guid: 0044b682ef11c564d9926c9be8aa7e35, type: 2}
      propertyPath: m_LocalScale.y
      value: 2.362
      objectReference: {fileID: 0}
    - target: {fileID: 4759628598502154, guid: 0044b682ef11c564d9926c9be8aa7e35, type: 2}
      propertyPath: m_LocalEulerAnglesHint.z
      value: 62.909004
      objectReference: {fileID: 0}
    - target: {fileID: 4759628598502154, guid: 0044b682ef11c564d9926c9be8aa7e35, type: 2}
      propertyPath: m_LocalEulerAnglesHint.x
      value: 0
      objectReference: {fileID: 0}
    - target: {fileID: 4759628598502154, guid: 0044b682ef11c564d9926c9be8aa7e35, type: 2}
      propertyPath: m_LocalEulerAnglesHint.y
      value: 0
      objectReference: {fileID: 0}
    - target: {fileID: 4759628598502154, guid: 0044b682ef11c564d9926c9be8aa7e35, type: 2}
      propertyPath: m_LocalScale.z
      value: 8
      objectReference: {fileID: 0}
    m_RemovedComponents: []
  m_SourcePrefab: {fileID: 100100000, guid: 0044b682ef11c564d9926c9be8aa7e35, type: 2}
  m_IsPrefabAsset: 0
--- !u!1001 &767669638
Prefab:
  m_ObjectHideFlags: 0
  serializedVersion: 2
  m_Modification:
    m_TransformParent: {fileID: 0}
    m_Modifications:
    - target: {fileID: 4758936358084698, guid: 58f843e6efa25534e8802bc56bda4ad6, type: 2}
      propertyPath: m_LocalPosition.x
      value: -33.61
      objectReference: {fileID: 0}
    - target: {fileID: 4758936358084698, guid: 58f843e6efa25534e8802bc56bda4ad6, type: 2}
      propertyPath: m_LocalPosition.y
      value: 5.12
      objectReference: {fileID: 0}
    - target: {fileID: 4758936358084698, guid: 58f843e6efa25534e8802bc56bda4ad6, type: 2}
      propertyPath: m_LocalPosition.z
      value: 0
      objectReference: {fileID: 0}
    - target: {fileID: 4758936358084698, guid: 58f843e6efa25534e8802bc56bda4ad6, type: 2}
      propertyPath: m_LocalRotation.x
      value: -0
      objectReference: {fileID: 0}
    - target: {fileID: 4758936358084698, guid: 58f843e6efa25534e8802bc56bda4ad6, type: 2}
      propertyPath: m_LocalRotation.y
      value: -0
      objectReference: {fileID: 0}
    - target: {fileID: 4758936358084698, guid: 58f843e6efa25534e8802bc56bda4ad6, type: 2}
      propertyPath: m_LocalRotation.z
      value: 0.37819526
      objectReference: {fileID: 0}
    - target: {fileID: 4758936358084698, guid: 58f843e6efa25534e8802bc56bda4ad6, type: 2}
      propertyPath: m_LocalRotation.w
      value: 0.9257259
      objectReference: {fileID: 0}
    - target: {fileID: 4758936358084698, guid: 58f843e6efa25534e8802bc56bda4ad6, type: 2}
      propertyPath: m_RootOrder
      value: 9
      objectReference: {fileID: 0}
    - target: {fileID: 1154101772610644, guid: 58f843e6efa25534e8802bc56bda4ad6, type: 2}
      propertyPath: m_Name
      value: Right Angle Obstacle (1)
      objectReference: {fileID: 0}
    - target: {fileID: 4758936358084698, guid: 58f843e6efa25534e8802bc56bda4ad6, type: 2}
      propertyPath: m_LocalEulerAnglesHint.z
      value: 44.444
      objectReference: {fileID: 0}
    m_RemovedComponents: []
  m_SourcePrefab: {fileID: 100100000, guid: 58f843e6efa25534e8802bc56bda4ad6, type: 2}
  m_IsPrefabAsset: 0
--- !u!1001 &776304859
Prefab:
  m_ObjectHideFlags: 0
  serializedVersion: 2
  m_Modification:
    m_TransformParent: {fileID: 0}
    m_Modifications:
    - target: {fileID: 4447346433621762, guid: b111af940d3baca4ca69ae3d75247039, type: 2}
      propertyPath: m_LocalPosition.x
      value: -39.91
      objectReference: {fileID: 0}
    - target: {fileID: 4447346433621762, guid: b111af940d3baca4ca69ae3d75247039, type: 2}
      propertyPath: m_LocalPosition.y
      value: 1.66
      objectReference: {fileID: 0}
    - target: {fileID: 4447346433621762, guid: b111af940d3baca4ca69ae3d75247039, type: 2}
      propertyPath: m_LocalPosition.z
      value: 0
      objectReference: {fileID: 0}
    - target: {fileID: 4447346433621762, guid: b111af940d3baca4ca69ae3d75247039, type: 2}
      propertyPath: m_LocalRotation.x
      value: 0
      objectReference: {fileID: 0}
    - target: {fileID: 4447346433621762, guid: b111af940d3baca4ca69ae3d75247039, type: 2}
      propertyPath: m_LocalRotation.y
      value: 0
      objectReference: {fileID: 0}
    - target: {fileID: 4447346433621762, guid: b111af940d3baca4ca69ae3d75247039, type: 2}
      propertyPath: m_LocalRotation.z
      value: 0
      objectReference: {fileID: 0}
    - target: {fileID: 4447346433621762, guid: b111af940d3baca4ca69ae3d75247039, type: 2}
      propertyPath: m_LocalRotation.w
      value: 1
      objectReference: {fileID: 0}
    - target: {fileID: 4447346433621762, guid: b111af940d3baca4ca69ae3d75247039, type: 2}
      propertyPath: m_RootOrder
      value: 1
      objectReference: {fileID: 0}
    - target: {fileID: 1456671975008978, guid: b111af940d3baca4ca69ae3d75247039, type: 2}
      propertyPath: m_Name
      value: Spotlight (4)
      objectReference: {fileID: 0}
    - target: {fileID: 4447346433621762, guid: b111af940d3baca4ca69ae3d75247039, type: 2}
      propertyPath: m_LocalEulerAnglesHint.z
      value: 0
      objectReference: {fileID: 0}
    - target: {fileID: 108394679055064644, guid: b111af940d3baca4ca69ae3d75247039,
        type: 2}
      propertyPath: m_Range
      value: 32.41
      objectReference: {fileID: 0}
    - target: {fileID: 108394679055064644, guid: b111af940d3baca4ca69ae3d75247039,
        type: 2}
      propertyPath: m_Intensity
      value: 5.8
      objectReference: {fileID: 0}
    m_RemovedComponents: []
  m_SourcePrefab: {fileID: 100100000, guid: b111af940d3baca4ca69ae3d75247039, type: 2}
  m_IsPrefabAsset: 0
--- !u!1001 &911335946
Prefab:
  m_ObjectHideFlags: 0
  serializedVersion: 2
  m_Modification:
    m_TransformParent: {fileID: 0}
    m_Modifications:
    - target: {fileID: 4758936358084698, guid: 58f843e6efa25534e8802bc56bda4ad6, type: 2}
      propertyPath: m_LocalPosition.x
      value: -12.94
      objectReference: {fileID: 0}
    - target: {fileID: 4758936358084698, guid: 58f843e6efa25534e8802bc56bda4ad6, type: 2}
      propertyPath: m_LocalPosition.y
      value: 29.95
      objectReference: {fileID: 0}
    - target: {fileID: 4758936358084698, guid: 58f843e6efa25534e8802bc56bda4ad6, type: 2}
      propertyPath: m_LocalPosition.z
      value: 0
      objectReference: {fileID: 0}
    - target: {fileID: 4758936358084698, guid: 58f843e6efa25534e8802bc56bda4ad6, type: 2}
      propertyPath: m_LocalRotation.x
      value: 0
      objectReference: {fileID: 0}
    - target: {fileID: 4758936358084698, guid: 58f843e6efa25534e8802bc56bda4ad6, type: 2}
      propertyPath: m_LocalRotation.y
      value: -0
      objectReference: {fileID: 0}
    - target: {fileID: 4758936358084698, guid: 58f843e6efa25534e8802bc56bda4ad6, type: 2}
      propertyPath: m_LocalRotation.z
      value: 0.9238796
      objectReference: {fileID: 0}
    - target: {fileID: 4758936358084698, guid: 58f843e6efa25534e8802bc56bda4ad6, type: 2}
      propertyPath: m_LocalRotation.w
      value: -0.38268325
      objectReference: {fileID: 0}
    - target: {fileID: 4758936358084698, guid: 58f843e6efa25534e8802bc56bda4ad6, type: 2}
      propertyPath: m_RootOrder
      value: 12
      objectReference: {fileID: 0}
    - target: {fileID: 4758936358084698, guid: 58f843e6efa25534e8802bc56bda4ad6, type: 2}
      propertyPath: m_LocalEulerAnglesHint.z
      value: 225
      objectReference: {fileID: 0}
    m_RemovedComponents: []
  m_SourcePrefab: {fileID: 100100000, guid: 58f843e6efa25534e8802bc56bda4ad6, type: 2}
  m_IsPrefabAsset: 0
--- !u!1 &972657926 stripped
GameObject:
  m_CorrespondingSourceObject: {fileID: 1154101772610644, guid: 58f843e6efa25534e8802bc56bda4ad6,
    type: 2}
  m_PrefabInternal: {fileID: 911335946}
--- !u!114 &972657927
MonoBehaviour:
  m_ObjectHideFlags: 0
  m_CorrespondingSourceObject: {fileID: 0}
  m_PrefabInternal: {fileID: 0}
  m_GameObject: {fileID: 972657926}
  m_Enabled: 1
  m_EditorHideFlags: 0
  m_Script: {fileID: 11500000, guid: 5558f283c42c2e74abae4c39afa7168f, type: 3}
  m_Name: 
  m_EditorClassIdentifier: 
  movementVector: {x: 0, y: -15, z: 0}
  oscillationPercentage: 0
  periodInSeconds: 5
  IsMoving: 1
  motionType: 1
--- !u!1001 &1016849994
Prefab:
  m_ObjectHideFlags: 0
  serializedVersion: 2
  m_Modification:
    m_TransformParent: {fileID: 0}
    m_Modifications:
    - target: {fileID: 4244842015529776, guid: 02b8bc241ac5ec447bb0c84608e3e23f, type: 2}
      propertyPath: m_LocalPosition.x
      value: 10
      objectReference: {fileID: 0}
    - target: {fileID: 4244842015529776, guid: 02b8bc241ac5ec447bb0c84608e3e23f, type: 2}
      propertyPath: m_LocalPosition.y
      value: 25
      objectReference: {fileID: 0}
    - target: {fileID: 4244842015529776, guid: 02b8bc241ac5ec447bb0c84608e3e23f, type: 2}
      propertyPath: m_LocalPosition.z
      value: 0
      objectReference: {fileID: 0}
    - target: {fileID: 4244842015529776, guid: 02b8bc241ac5ec447bb0c84608e3e23f, type: 2}
      propertyPath: m_LocalRotation.x
      value: 0.40821788
      objectReference: {fileID: 0}
    - target: {fileID: 4244842015529776, guid: 02b8bc241ac5ec447bb0c84608e3e23f, type: 2}
      propertyPath: m_LocalRotation.y
      value: -0.23456968
      objectReference: {fileID: 0}
    - target: {fileID: 4244842015529776, guid: 02b8bc241ac5ec447bb0c84608e3e23f, type: 2}
      propertyPath: m_LocalRotation.z
      value: 0.10938163
      objectReference: {fileID: 0}
    - target: {fileID: 4244842015529776, guid: 02b8bc241ac5ec447bb0c84608e3e23f, type: 2}
      propertyPath: m_LocalRotation.w
      value: 0.8754261
      objectReference: {fileID: 0}
    - target: {fileID: 4244842015529776, guid: 02b8bc241ac5ec447bb0c84608e3e23f, type: 2}
      propertyPath: m_RootOrder
      value: 17
      objectReference: {fileID: 0}
    - target: {fileID: 108227688828290822, guid: 02b8bc241ac5ec447bb0c84608e3e23f,
        type: 2}
      propertyPath: m_Intensity
      value: 1
      objectReference: {fileID: 0}
    - target: {fileID: 108227688828290822, guid: 02b8bc241ac5ec447bb0c84608e3e23f,
        type: 2}
      propertyPath: m_BounceIntensity
      value: 1
      objectReference: {fileID: 0}
    - target: {fileID: 108227688828290822, guid: 02b8bc241ac5ec447bb0c84608e3e23f,
        type: 2}
      propertyPath: m_Enabled
      value: 0
      objectReference: {fileID: 0}
    m_RemovedComponents: []
  m_SourcePrefab: {fileID: 100100000, guid: 02b8bc241ac5ec447bb0c84608e3e23f, type: 2}
  m_IsPrefabAsset: 0
--- !u!1001 &1031256131
Prefab:
  m_ObjectHideFlags: 0
  serializedVersion: 2
  m_Modification:
    m_TransformParent: {fileID: 0}
    m_Modifications:
    - target: {fileID: 4724808072710830, guid: 51800f2fdfc65e748bdca04edf79b625, type: 2}
      propertyPath: m_LocalPosition.x
      value: -18.47
      objectReference: {fileID: 0}
    - target: {fileID: 4724808072710830, guid: 51800f2fdfc65e748bdca04edf79b625, type: 2}
      propertyPath: m_LocalPosition.y
      value: 2.92
      objectReference: {fileID: 0}
    - target: {fileID: 4724808072710830, guid: 51800f2fdfc65e748bdca04edf79b625, type: 2}
      propertyPath: m_LocalPosition.z
      value: -1.4976654
      objectReference: {fileID: 0}
    - target: {fileID: 4724808072710830, guid: 51800f2fdfc65e748bdca04edf79b625, type: 2}
      propertyPath: m_LocalRotation.x
      value: 0
      objectReference: {fileID: 0}
    - target: {fileID: 4724808072710830, guid: 51800f2fdfc65e748bdca04edf79b625, type: 2}
      propertyPath: m_LocalRotation.y
      value: 0
      objectReference: {fileID: 0}
    - target: {fileID: 4724808072710830, guid: 51800f2fdfc65e748bdca04edf79b625, type: 2}
      propertyPath: m_LocalRotation.z
      value: 0
      objectReference: {fileID: 0}
    - target: {fileID: 4724808072710830, guid: 51800f2fdfc65e748bdca04edf79b625, type: 2}
      propertyPath: m_LocalRotation.w
      value: 1
      objectReference: {fileID: 0}
    - target: {fileID: 4724808072710830, guid: 51800f2fdfc65e748bdca04edf79b625, type: 2}
      propertyPath: m_RootOrder
      value: 5
      objectReference: {fileID: 0}
    - target: {fileID: 1086837323986016, guid: 51800f2fdfc65e748bdca04edf79b625, type: 2}
      propertyPath: m_Name
      value: Launch Pad (1)
      objectReference: {fileID: 0}
    - target: {fileID: 4724808072710830, guid: 51800f2fdfc65e748bdca04edf79b625, type: 2}
      propertyPath: m_LocalScale.y
      value: 10
      objectReference: {fileID: 0}
    - target: {fileID: 4724808072710830, guid: 51800f2fdfc65e748bdca04edf79b625, type: 2}
      propertyPath: m_LocalScale.x
      value: 5
      objectReference: {fileID: 0}
    m_RemovedComponents: []
  m_SourcePrefab: {fileID: 100100000, guid: 51800f2fdfc65e748bdca04edf79b625, type: 2}
  m_IsPrefabAsset: 0
--- !u!1001 &1253287579
Prefab:
  m_ObjectHideFlags: 0
  serializedVersion: 2
  m_Modification:
    m_TransformParent: {fileID: 0}
    m_Modifications:
    - target: {fileID: 4759628598502154, guid: 0044b682ef11c564d9926c9be8aa7e35, type: 2}
      propertyPath: m_LocalPosition.x
      value: -50.94
      objectReference: {fileID: 0}
    - target: {fileID: 4759628598502154, guid: 0044b682ef11c564d9926c9be8aa7e35, type: 2}
      propertyPath: m_LocalPosition.y
      value: 8
      objectReference: {fileID: 0}
    - target: {fileID: 4759628598502154, guid: 0044b682ef11c564d9926c9be8aa7e35, type: 2}
      propertyPath: m_LocalPosition.z
      value: -11.72
      objectReference: {fileID: 0}
    - target: {fileID: 4759628598502154, guid: 0044b682ef11c564d9926c9be8aa7e35, type: 2}
      propertyPath: m_LocalRotation.x
      value: 0
      objectReference: {fileID: 0}
    - target: {fileID: 4759628598502154, guid: 0044b682ef11c564d9926c9be8aa7e35, type: 2}
      propertyPath: m_LocalRotation.y
      value: 0
      objectReference: {fileID: 0}
    - target: {fileID: 4759628598502154, guid: 0044b682ef11c564d9926c9be8aa7e35, type: 2}
      propertyPath: m_LocalRotation.z
      value: 0
      objectReference: {fileID: 0}
    - target: {fileID: 4759628598502154, guid: 0044b682ef11c564d9926c9be8aa7e35, type: 2}
      propertyPath: m_LocalRotation.w
      value: 1
      objectReference: {fileID: 0}
    - target: {fileID: 4759628598502154, guid: 0044b682ef11c564d9926c9be8aa7e35, type: 2}
      propertyPath: m_RootOrder
      value: 13
      objectReference: {fileID: 0}
    - target: {fileID: 1440068804698710, guid: 0044b682ef11c564d9926c9be8aa7e35, type: 2}
      propertyPath: m_Name
      value: Obstacle (1)
      objectReference: {fileID: 0}
    - target: {fileID: 4759628598502154, guid: 0044b682ef11c564d9926c9be8aa7e35, type: 2}
      propertyPath: m_LocalScale.y
      value: 82.43466
      objectReference: {fileID: 0}
    - target: {fileID: 4759628598502154, guid: 0044b682ef11c564d9926c9be8aa7e35, type: 2}
      propertyPath: m_LocalScale.x
      value: 3.6773934
      objectReference: {fileID: 0}
    - target: {fileID: 4759628598502154, guid: 0044b682ef11c564d9926c9be8aa7e35, type: 2}
      propertyPath: m_LocalScale.z
      value: 40.848614
      objectReference: {fileID: 0}
    m_RemovedComponents: []
  m_SourcePrefab: {fileID: 100100000, guid: 0044b682ef11c564d9926c9be8aa7e35, type: 2}
  m_IsPrefabAsset: 0
--- !u!1001 &1281646484
Prefab:
  m_ObjectHideFlags: 0
  serializedVersion: 2
  m_Modification:
    m_TransformParent: {fileID: 0}
    m_Modifications:
    - target: {fileID: 4759628598502154, guid: 0044b682ef11c564d9926c9be8aa7e35, type: 2}
      propertyPath: m_LocalPosition.x
      value: -42.38
      objectReference: {fileID: 0}
    - target: {fileID: 4759628598502154, guid: 0044b682ef11c564d9926c9be8aa7e35, type: 2}
      propertyPath: m_LocalPosition.y
      value: -0.62
      objectReference: {fileID: 0}
    - target: {fileID: 4759628598502154, guid: 0044b682ef11c564d9926c9be8aa7e35, type: 2}
      propertyPath: m_LocalPosition.z
      value: -21.094864
      objectReference: {fileID: 0}
    - target: {fileID: 4759628598502154, guid: 0044b682ef11c564d9926c9be8aa7e35, type: 2}
      propertyPath: m_LocalRotation.x
      value: -0.36079347
      objectReference: {fileID: 0}
    - target: {fileID: 4759628598502154, guid: 0044b682ef11c564d9926c9be8aa7e35, type: 2}
      propertyPath: m_LocalRotation.y
      value: -0.022916837
      objectReference: {fileID: 0}
    - target: {fileID: 4759628598502154, guid: 0044b682ef11c564d9926c9be8aa7e35, type: 2}
      propertyPath: m_LocalRotation.z
      value: -0.038685407
      objectReference: {fileID: 0}
    - target: {fileID: 4759628598502154, guid: 0044b682ef11c564d9926c9be8aa7e35, type: 2}
      propertyPath: m_LocalRotation.w
      value: 0.9315613
      objectReference: {fileID: 0}
    - target: {fileID: 4759628598502154, guid: 0044b682ef11c564d9926c9be8aa7e35, type: 2}
      propertyPath: m_RootOrder
      value: 0
      objectReference: {fileID: 0}
    - target: {fileID: 1440068804698710, guid: 0044b682ef11c564d9926c9be8aa7e35, type: 2}
      propertyPath: m_Name
      value: Obstacle (28)
      objectReference: {fileID: 0}
    - target: {fileID: 4759628598502154, guid: 0044b682ef11c564d9926c9be8aa7e35, type: 2}
      propertyPath: m_LocalEulerAnglesHint.y
      value: -1.1470001
      objectReference: {fileID: 0}
    - target: {fileID: 4759628598502154, guid: 0044b682ef11c564d9926c9be8aa7e35, type: 2}
      propertyPath: m_LocalEulerAnglesHint.z
      value: -4.3120003
      objectReference: {fileID: 0}
    - target: {fileID: 4759628598502154, guid: 0044b682ef11c564d9926c9be8aa7e35, type: 2}
      propertyPath: m_LocalEulerAnglesHint.x
      value: -42.375004
      objectReference: {fileID: 0}
    - target: {fileID: 4759628598502154, guid: 0044b682ef11c564d9926c9be8aa7e35, type: 2}
      propertyPath: m_LocalScale.z
      value: 17.3172
      objectReference: {fileID: 0}
    - target: {fileID: 4759628598502154, guid: 0044b682ef11c564d9926c9be8aa7e35, type: 2}
      propertyPath: m_LocalScale.x
      value: 4.96692
      objectReference: {fileID: 0}
    m_RemovedComponents: []
  m_SourcePrefab: {fileID: 100100000, guid: 0044b682ef11c564d9926c9be8aa7e35, type: 2}
  m_IsPrefabAsset: 0
--- !u!1001 &1369766735
Prefab:
  m_ObjectHideFlags: 0
  serializedVersion: 2
  m_Modification:
    m_TransformParent: {fileID: 0}
    m_Modifications:
    - target: {fileID: 4724808072710830, guid: 51800f2fdfc65e748bdca04edf79b625, type: 2}
      propertyPath: m_LocalPosition.x
      value: -44.44717
      objectReference: {fileID: 0}
    - target: {fileID: 4724808072710830, guid: 51800f2fdfc65e748bdca04edf79b625, type: 2}
      propertyPath: m_LocalPosition.y
      value: 26.23
      objectReference: {fileID: 0}
    - target: {fileID: 4724808072710830, guid: 51800f2fdfc65e748bdca04edf79b625, type: 2}
      propertyPath: m_LocalPosition.z
      value: 0.14
      objectReference: {fileID: 0}
    - target: {fileID: 4724808072710830, guid: 51800f2fdfc65e748bdca04edf79b625, type: 2}
      propertyPath: m_LocalRotation.x
      value: -0.0111599155
      objectReference: {fileID: 0}
    - target: {fileID: 4724808072710830, guid: 51800f2fdfc65e748bdca04edf79b625, type: 2}
      propertyPath: m_LocalRotation.y
      value: 0.0035565249
      objectReference: {fileID: 0}
    - target: {fileID: 4724808072710830, guid: 51800f2fdfc65e748bdca04edf79b625, type: 2}
      propertyPath: m_LocalRotation.z
      value: -0.10508769
      objectReference: {fileID: 0}
    - target: {fileID: 4724808072710830, guid: 51800f2fdfc65e748bdca04edf79b625, type: 2}
      propertyPath: m_LocalRotation.w
      value: 0.994394
      objectReference: {fileID: 0}
    - target: {fileID: 4724808072710830, guid: 51800f2fdfc65e748bdca04edf79b625, type: 2}
      propertyPath: m_RootOrder
      value: 18
      objectReference: {fileID: 0}
    m_RemovedComponents: []
  m_SourcePrefab: {fileID: 100100000, guid: 51800f2fdfc65e748bdca04edf79b625, type: 2}
  m_IsPrefabAsset: 0
--- !u!1001 &1391787161
Prefab:
  m_ObjectHideFlags: 0
  serializedVersion: 2
  m_Modification:
    m_TransformParent: {fileID: 0}
    m_Modifications:
    - target: {fileID: 4518624687608800, guid: 39dfd7c0e04cd8349a92f26b1aea8d17, type: 2}
      propertyPath: m_LocalPosition.x
      value: 0
      objectReference: {fileID: 0}
    - target: {fileID: 4518624687608800, guid: 39dfd7c0e04cd8349a92f26b1aea8d17, type: 2}
      propertyPath: m_LocalPosition.y
      value: 48.72
      objectReference: {fileID: 0}
    - target: {fileID: 4518624687608800, guid: 39dfd7c0e04cd8349a92f26b1aea8d17, type: 2}
      propertyPath: m_LocalPosition.z
      value: 29.8
      objectReference: {fileID: 0}
    - target: {fileID: 4518624687608800, guid: 39dfd7c0e04cd8349a92f26b1aea8d17, type: 2}
      propertyPath: m_LocalRotation.x
      value: 0.7071068
      objectReference: {fileID: 0}
    - target: {fileID: 4518624687608800, guid: 39dfd7c0e04cd8349a92f26b1aea8d17, type: 2}
      propertyPath: m_LocalRotation.y
      value: -0
      objectReference: {fileID: 0}
    - target: {fileID: 4518624687608800, guid: 39dfd7c0e04cd8349a92f26b1aea8d17, type: 2}
      propertyPath: m_LocalRotation.z
      value: -0
      objectReference: {fileID: 0}
    - target: {fileID: 4518624687608800, guid: 39dfd7c0e04cd8349a92f26b1aea8d17, type: 2}
      propertyPath: m_LocalRotation.w
      value: -0.7071068
      objectReference: {fileID: 0}
    - target: {fileID: 4518624687608800, guid: 39dfd7c0e04cd8349a92f26b1aea8d17, type: 2}
      propertyPath: m_RootOrder
      value: 22
      objectReference: {fileID: 0}
    - target: {fileID: 1231477821989888, guid: 39dfd7c0e04cd8349a92f26b1aea8d17, type: 2}
      propertyPath: m_Name
      value: Backdrop (1)
      objectReference: {fileID: 0}
    m_RemovedComponents: []
  m_SourcePrefab: {fileID: 100100000, guid: 39dfd7c0e04cd8349a92f26b1aea8d17, type: 2}
  m_IsPrefabAsset: 0
--- !u!1001 &1431262021
Prefab:
  m_ObjectHideFlags: 0
  serializedVersion: 2
  m_Modification:
    m_TransformParent: {fileID: 0}
    m_Modifications:
    - target: {fileID: 4759628598502154, guid: 0044b682ef11c564d9926c9be8aa7e35, type: 2}
      propertyPath: m_LocalPosition.x
      value: 30.64
      objectReference: {fileID: 0}
    - target: {fileID: 4759628598502154, guid: 0044b682ef11c564d9926c9be8aa7e35, type: 2}
      propertyPath: m_LocalPosition.y
      value: 3.52
      objectReference: {fileID: 0}
    - target: {fileID: 4759628598502154, guid: 0044b682ef11c564d9926c9be8aa7e35, type: 2}
      propertyPath: m_LocalPosition.z
      value: 0
      objectReference: {fileID: 0}
    - target: {fileID: 4759628598502154, guid: 0044b682ef11c564d9926c9be8aa7e35, type: 2}
      propertyPath: m_LocalRotation.x
      value: -0
      objectReference: {fileID: 0}
    - target: {fileID: 4759628598502154, guid: 0044b682ef11c564d9926c9be8aa7e35, type: 2}
      propertyPath: m_LocalRotation.y
      value: -0
      objectReference: {fileID: 0}
    - target: {fileID: 4759628598502154, guid: 0044b682ef11c564d9926c9be8aa7e35, type: 2}
      propertyPath: m_LocalRotation.z
      value: 0.44397953
      objectReference: {fileID: 0}
    - target: {fileID: 4759628598502154, guid: 0044b682ef11c564d9926c9be8aa7e35, type: 2}
      propertyPath: m_LocalRotation.w
      value: 0.896037
      objectReference: {fileID: 0}
    - target: {fileID: 4759628598502154, guid: 0044b682ef11c564d9926c9be8aa7e35, type: 2}
      propertyPath: m_RootOrder
      value: 2
      objectReference: {fileID: 0}
    - target: {fileID: 1440068804698710, guid: 0044b682ef11c564d9926c9be8aa7e35, type: 2}
      propertyPath: m_Name
      value: Obstacle (10)
      objectReference: {fileID: 0}
    - target: {fileID: 4759628598502154, guid: 0044b682ef11c564d9926c9be8aa7e35, type: 2}
      propertyPath: m_LocalEulerAnglesHint.z
      value: 52.716003
      objectReference: {fileID: 0}
    - target: {fileID: 4759628598502154, guid: 0044b682ef11c564d9926c9be8aa7e35, type: 2}
      propertyPath: m_LocalScale.x
      value: 29.811493
      objectReference: {fileID: 0}
    m_RemovedComponents: []
  m_SourcePrefab: {fileID: 100100000, guid: 0044b682ef11c564d9926c9be8aa7e35, type: 2}
  m_IsPrefabAsset: 0
--- !u!1001 &1490747344
Prefab:
  m_ObjectHideFlags: 0
  serializedVersion: 2
  m_Modification:
    m_TransformParent: {fileID: 0}
    m_Modifications:
    - target: {fileID: 4447346433621762, guid: b111af940d3baca4ca69ae3d75247039, type: 2}
      propertyPath: m_LocalPosition.x
      value: -16.298
      objectReference: {fileID: 0}
    - target: {fileID: 4447346433621762, guid: b111af940d3baca4ca69ae3d75247039, type: 2}
      propertyPath: m_LocalPosition.y
      value: 8.097
      objectReference: {fileID: 0}
    - target: {fileID: 4447346433621762, guid: b111af940d3baca4ca69ae3d75247039, type: 2}
      propertyPath: m_LocalPosition.z
      value: -6.289
      objectReference: {fileID: 0}
    - target: {fileID: 4447346433621762, guid: b111af940d3baca4ca69ae3d75247039, type: 2}
      propertyPath: m_LocalRotation.x
      value: 0
      objectReference: {fileID: 0}
    - target: {fileID: 4447346433621762, guid: b111af940d3baca4ca69ae3d75247039, type: 2}
      propertyPath: m_LocalRotation.y
      value: 0
      objectReference: {fileID: 0}
    - target: {fileID: 4447346433621762, guid: b111af940d3baca4ca69ae3d75247039, type: 2}
      propertyPath: m_LocalRotation.z
      value: 0
      objectReference: {fileID: 0}
    - target: {fileID: 4447346433621762, guid: b111af940d3baca4ca69ae3d75247039, type: 2}
      propertyPath: m_LocalRotation.w
      value: 1
      objectReference: {fileID: 0}
    - target: {fileID: 4447346433621762, guid: b111af940d3baca4ca69ae3d75247039, type: 2}
      propertyPath: m_RootOrder
      value: 28
      objectReference: {fileID: 0}
    - target: {fileID: 4447346433621762, guid: b111af940d3baca4ca69ae3d75247039, type: 2}
      propertyPath: m_LocalEulerAnglesHint.z
      value: 0
      objectReference: {fileID: 0}
    - target: {fileID: 108394679055064644, guid: b111af940d3baca4ca69ae3d75247039,
        type: 2}
      propertyPath: m_Range
      value: 26.498825
      objectReference: {fileID: 0}
    - target: {fileID: 1456671975008978, guid: b111af940d3baca4ca69ae3d75247039, type: 2}
      propertyPath: m_Name
      value: Spotlight (1)
      objectReference: {fileID: 0}
    m_RemovedComponents: []
  m_SourcePrefab: {fileID: 100100000, guid: b111af940d3baca4ca69ae3d75247039, type: 2}
  m_IsPrefabAsset: 0
--- !u!1001 &1747447566
Prefab:
  m_ObjectHideFlags: 0
  serializedVersion: 2
  m_Modification:
    m_TransformParent: {fileID: 0}
    m_Modifications:
    - target: {fileID: 4759628598502154, guid: 0044b682ef11c564d9926c9be8aa7e35, type: 2}
      propertyPath: m_LocalPosition.x
      value: -0.36
      objectReference: {fileID: 0}
    - target: {fileID: 4759628598502154, guid: 0044b682ef11c564d9926c9be8aa7e35, type: 2}
      propertyPath: m_LocalPosition.y
      value: 24.42
      objectReference: {fileID: 0}
    - target: {fileID: 4759628598502154, guid: 0044b682ef11c564d9926c9be8aa7e35, type: 2}
      propertyPath: m_LocalPosition.z
      value: 0
      objectReference: {fileID: 0}
    - target: {fileID: 4759628598502154, guid: 0044b682ef11c564d9926c9be8aa7e35, type: 2}
      propertyPath: m_LocalRotation.x
      value: 0
      objectReference: {fileID: 0}
    - target: {fileID: 4759628598502154, guid: 0044b682ef11c564d9926c9be8aa7e35, type: 2}
      propertyPath: m_LocalRotation.y
      value: 0
      objectReference: {fileID: 0}
    - target: {fileID: 4759628598502154, guid: 0044b682ef11c564d9926c9be8aa7e35, type: 2}
      propertyPath: m_LocalRotation.z
      value: 0
      objectReference: {fileID: 0}
    - target: {fileID: 4759628598502154, guid: 0044b682ef11c564d9926c9be8aa7e35, type: 2}
      propertyPath: m_LocalRotation.w
      value: 1
      objectReference: {fileID: 0}
    - target: {fileID: 4759628598502154, guid: 0044b682ef11c564d9926c9be8aa7e35, type: 2}
      propertyPath: m_RootOrder
      value: 6
      objectReference: {fileID: 0}
    - target: {fileID: 1440068804698710, guid: 0044b682ef11c564d9926c9be8aa7e35, type: 2}
      propertyPath: m_Name
      value: Obstacle (6)
      objectReference: {fileID: 0}
    - target: {fileID: 4759628598502154, guid: 0044b682ef11c564d9926c9be8aa7e35, type: 2}
      propertyPath: m_LocalScale.x
      value: 15
      objectReference: {fileID: 0}
    m_RemovedComponents: []
  m_SourcePrefab: {fileID: 100100000, guid: 0044b682ef11c564d9926c9be8aa7e35, type: 2}
  m_IsPrefabAsset: 0
--- !u!1001 &1785749224
Prefab:
  m_ObjectHideFlags: 0
  serializedVersion: 2
  m_Modification:
    m_TransformParent: {fileID: 0}
    m_Modifications:
    - target: {fileID: 4988743636497964, guid: 2c2a8a116e727354787bd0de4f133b24, type: 2}
      propertyPath: m_LocalPosition.x
      value: -6.24
      objectReference: {fileID: 0}
    - target: {fileID: 4988743636497964, guid: 2c2a8a116e727354787bd0de4f133b24, type: 2}
      propertyPath: m_LocalPosition.y
      value: 7.97
      objectReference: {fileID: 0}
    - target: {fileID: 4988743636497964, guid: 2c2a8a116e727354787bd0de4f133b24, type: 2}
      propertyPath: m_LocalPosition.z
      value: -17.11
      objectReference: {fileID: 0}
    - target: {fileID: 4988743636497964, guid: 2c2a8a116e727354787bd0de4f133b24, type: 2}
      propertyPath: m_LocalRotation.x
      value: 0
      objectReference: {fileID: 0}
    - target: {fileID: 4988743636497964, guid: 2c2a8a116e727354787bd0de4f133b24, type: 2}
      propertyPath: m_LocalRotation.y
      value: 0
      objectReference: {fileID: 0}
    - target: {fileID: 4988743636497964, guid: 2c2a8a116e727354787bd0de4f133b24, type: 2}
      propertyPath: m_LocalRotation.z
      value: 0
      objectReference: {fileID: 0}
    - target: {fileID: 4988743636497964, guid: 2c2a8a116e727354787bd0de4f133b24, type: 2}
      propertyPath: m_LocalRotation.w
      value: 1
      objectReference: {fileID: 0}
    - target: {fileID: 4988743636497964, guid: 2c2a8a116e727354787bd0de4f133b24, type: 2}
      propertyPath: m_RootOrder
      value: 1
      objectReference: {fileID: 0}
    m_RemovedComponents: []
  m_SourcePrefab: {fileID: 100100000, guid: 2c2a8a116e727354787bd0de4f133b24, type: 2}
  m_IsPrefabAsset: 0
--- !u!1001 &1851448419
Prefab:
  m_ObjectHideFlags: 0
  serializedVersion: 2
  m_Modification:
    m_TransformParent: {fileID: 0}
    m_Modifications:
    - target: {fileID: 4759628598502154, guid: 0044b682ef11c564d9926c9be8aa7e35, type: 2}
      propertyPath: m_LocalPosition.x
      value: 46.54
      objectReference: {fileID: 0}
    - target: {fileID: 4759628598502154, guid: 0044b682ef11c564d9926c9be8aa7e35, type: 2}
      propertyPath: m_LocalPosition.y
      value: 25.04
      objectReference: {fileID: 0}
    - target: {fileID: 4759628598502154, guid: 0044b682ef11c564d9926c9be8aa7e35, type: 2}
      propertyPath: m_LocalPosition.z
      value: -11.2
      objectReference: {fileID: 0}
    - target: {fileID: 4759628598502154, guid: 0044b682ef11c564d9926c9be8aa7e35, type: 2}
      propertyPath: m_LocalRotation.x
      value: 0
      objectReference: {fileID: 0}
    - target: {fileID: 4759628598502154, guid: 0044b682ef11c564d9926c9be8aa7e35, type: 2}
      propertyPath: m_LocalRotation.y
      value: 0
      objectReference: {fileID: 0}
    - target: {fileID: 4759628598502154, guid: 0044b682ef11c564d9926c9be8aa7e35, type: 2}
      propertyPath: m_LocalRotation.z
      value: 0
      objectReference: {fileID: 0}
    - target: {fileID: 4759628598502154, guid: 0044b682ef11c564d9926c9be8aa7e35, type: 2}
      propertyPath: m_LocalRotation.w
      value: 1
      objectReference: {fileID: 0}
    - target: {fileID: 4759628598502154, guid: 0044b682ef11c564d9926c9be8aa7e35, type: 2}
      propertyPath: m_RootOrder
      value: 21
      objectReference: {fileID: 0}
    - target: {fileID: 1440068804698710, guid: 0044b682ef11c564d9926c9be8aa7e35, type: 2}
      propertyPath: m_Name
      value: Obstacle (2)
      objectReference: {fileID: 0}
    - target: {fileID: 4759628598502154, guid: 0044b682ef11c564d9926c9be8aa7e35, type: 2}
      propertyPath: m_LocalScale.y
      value: 49.437405
      objectReference: {fileID: 0}
    - target: {fileID: 4759628598502154, guid: 0044b682ef11c564d9926c9be8aa7e35, type: 2}
      propertyPath: m_LocalScale.x
      value: 3.6773934
      objectReference: {fileID: 0}
    - target: {fileID: 4759628598502154, guid: 0044b682ef11c564d9926c9be8aa7e35, type: 2}
      propertyPath: m_LocalScale.z
      value: 37.31075
      objectReference: {fileID: 0}
    m_RemovedComponents: []
  m_SourcePrefab: {fileID: 100100000, guid: 0044b682ef11c564d9926c9be8aa7e35, type: 2}
  m_IsPrefabAsset: 0
--- !u!1001 &1901863035
Prefab:
  m_ObjectHideFlags: 0
  serializedVersion: 2
  m_Modification:
    m_TransformParent: {fileID: 0}
    m_Modifications:
    - target: {fileID: 4759628598502154, guid: 0044b682ef11c564d9926c9be8aa7e35, type: 2}
      propertyPath: m_LocalPosition.x
      value: 21.81
      objectReference: {fileID: 0}
    - target: {fileID: 4759628598502154, guid: 0044b682ef11c564d9926c9be8aa7e35, type: 2}
      propertyPath: m_LocalPosition.y
      value: 32.92
      objectReference: {fileID: 0}
    - target: {fileID: 4759628598502154, guid: 0044b682ef11c564d9926c9be8aa7e35, type: 2}
      propertyPath: m_LocalPosition.z
      value: 0
      objectReference: {fileID: 0}
    - target: {fileID: 4759628598502154, guid: 0044b682ef11c564d9926c9be8aa7e35, type: 2}
      propertyPath: m_LocalRotation.x
      value: 0
      objectReference: {fileID: 0}
    - target: {fileID: 4759628598502154, guid: 0044b682ef11c564d9926c9be8aa7e35, type: 2}
      propertyPath: m_LocalRotation.y
      value: 0
      objectReference: {fileID: 0}
    - target: {fileID: 4759628598502154, guid: 0044b682ef11c564d9926c9be8aa7e35, type: 2}
      propertyPath: m_LocalRotation.z
      value: 0.7071068
      objectReference: {fileID: 0}
    - target: {fileID: 4759628598502154, guid: 0044b682ef11c564d9926c9be8aa7e35, type: 2}
      propertyPath: m_LocalRotation.w
      value: 0.7071068
      objectReference: {fileID: 0}
    - target: {fileID: 4759628598502154, guid: 0044b682ef11c564d9926c9be8aa7e35, type: 2}
      propertyPath: m_RootOrder
      value: 3
      objectReference: {fileID: 0}
    - target: {fileID: 1440068804698710, guid: 0044b682ef11c564d9926c9be8aa7e35, type: 2}
      propertyPath: m_Name
      value: Obstacle (7)
      objectReference: {fileID: 0}
    - target: {fileID: 4759628598502154, guid: 0044b682ef11c564d9926c9be8aa7e35, type: 2}
      propertyPath: m_LocalEulerAnglesHint.z
      value: 90
      objectReference: {fileID: 0}
    - target: {fileID: 4759628598502154, guid: 0044b682ef11c564d9926c9be8aa7e35, type: 2}
      propertyPath: m_LocalScale.x
      value: 18
      objectReference: {fileID: 0}
    m_RemovedComponents: []
  m_SourcePrefab: {fileID: 100100000, guid: 0044b682ef11c564d9926c9be8aa7e35, type: 2}
  m_IsPrefabAsset: 0
--- !u!1001 &2058380325
Prefab:
  m_ObjectHideFlags: 0
  serializedVersion: 2
  m_Modification:
    m_TransformParent: {fileID: 0}
    m_Modifications:
    - target: {fileID: 4447346433621762, guid: b111af940d3baca4ca69ae3d75247039, type: 2}
      propertyPath: m_LocalPosition.x
      value: -1.16
      objectReference: {fileID: 0}
    - target: {fileID: 4447346433621762, guid: b111af940d3baca4ca69ae3d75247039, type: 2}
      propertyPath: m_LocalPosition.y
      value: 40.88
      objectReference: {fileID: 0}
    - target: {fileID: 4447346433621762, guid: b111af940d3baca4ca69ae3d75247039, type: 2}
      propertyPath: m_LocalPosition.z
      value: 0
      objectReference: {fileID: 0}
    - target: {fileID: 4447346433621762, guid: b111af940d3baca4ca69ae3d75247039, type: 2}
      propertyPath: m_LocalRotation.x
      value: 1
      objectReference: {fileID: 0}
    - target: {fileID: 4447346433621762, guid: b111af940d3baca4ca69ae3d75247039, type: 2}
      propertyPath: m_LocalRotation.y
      value: 0
      objectReference: {fileID: 0}
    - target: {fileID: 4447346433621762, guid: b111af940d3baca4ca69ae3d75247039, type: 2}
      propertyPath: m_LocalRotation.z
      value: 0
      objectReference: {fileID: 0}
    - target: {fileID: 4447346433621762, guid: b111af940d3baca4ca69ae3d75247039, type: 2}
      propertyPath: m_LocalRotation.w
      value: 0
      objectReference: {fileID: 0}
    - target: {fileID: 4447346433621762, guid: b111af940d3baca4ca69ae3d75247039, type: 2}
      propertyPath: m_RootOrder
      value: 29
      objectReference: {fileID: 0}
    - target: {fileID: 4447346433621762, guid: b111af940d3baca4ca69ae3d75247039, type: 2}
      propertyPath: m_LocalEulerAnglesHint.z
      value: 0
      objectReference: {fileID: 0}
    - target: {fileID: 108394679055064644, guid: b111af940d3baca4ca69ae3d75247039,
        type: 2}
      propertyPath: m_Range
      value: 28.7233
      objectReference: {fileID: 0}
    - target: {fileID: 1456671975008978, guid: b111af940d3baca4ca69ae3d75247039, type: 2}
      propertyPath: m_Name
      value: Spotlight (2)
      objectReference: {fileID: 0}
    - target: {fileID: 4447346433621762, guid: b111af940d3baca4ca69ae3d75247039, type: 2}
      propertyPath: m_LocalEulerAnglesHint.x
      value: 180
      objectReference: {fileID: 0}
    m_RemovedComponents: []
  m_SourcePrefab: {fileID: 100100000, guid: b111af940d3baca4ca69ae3d75247039, type: 2}
  m_IsPrefabAsset: 0
--- !u!1001 &2083468073
Prefab:
  m_ObjectHideFlags: 0
  serializedVersion: 2
  m_Modification:
    m_TransformParent: {fileID: 0}
    m_Modifications:
    - target: {fileID: 4759628598502154, guid: 0044b682ef11c564d9926c9be8aa7e35, type: 2}
      propertyPath: m_LocalPosition.x
      value: -2.86
      objectReference: {fileID: 0}
    - target: {fileID: 4759628598502154, guid: 0044b682ef11c564d9926c9be8aa7e35, type: 2}
      propertyPath: m_LocalPosition.y
      value: 1
      objectReference: {fileID: 0}
    - target: {fileID: 4759628598502154, guid: 0044b682ef11c564d9926c9be8aa7e35, type: 2}
      propertyPath: m_LocalPosition.z
      value: -11.25
      objectReference: {fileID: 0}
    - target: {fileID: 4759628598502154, guid: 0044b682ef11c564d9926c9be8aa7e35, type: 2}
      propertyPath: m_LocalRotation.x
      value: 0
      objectReference: {fileID: 0}
    - target: {fileID: 4759628598502154, guid: 0044b682ef11c564d9926c9be8aa7e35, type: 2}
      propertyPath: m_LocalRotation.y
      value: 0
      objectReference: {fileID: 0}
    - target: {fileID: 4759628598502154, guid: 0044b682ef11c564d9926c9be8aa7e35, type: 2}
      propertyPath: m_LocalRotation.z
      value: 0
      objectReference: {fileID: 0}
    - target: {fileID: 4759628598502154, guid: 0044b682ef11c564d9926c9be8aa7e35, type: 2}
      propertyPath: m_LocalRotation.w
      value: 1
      objectReference: {fileID: 0}
    - target: {fileID: 4759628598502154, guid: 0044b682ef11c564d9926c9be8aa7e35, type: 2}
      propertyPath: m_RootOrder
      value: 11
      objectReference: {fileID: 0}
    - target: {fileID: 1440068804698710, guid: 0044b682ef11c564d9926c9be8aa7e35, type: 2}
      propertyPath: m_Name
      value: Obstacle (3)
      objectReference: {fileID: 0}
    - target: {fileID: 4759628598502154, guid: 0044b682ef11c564d9926c9be8aa7e35, type: 2}
      propertyPath: m_LocalEulerAnglesHint.x
      value: 0
      objectReference: {fileID: 0}
    - target: {fileID: 4759628598502154, guid: 0044b682ef11c564d9926c9be8aa7e35, type: 2}
      propertyPath: m_LocalEulerAnglesHint.y
      value: 0
      objectReference: {fileID: 0}
    - target: {fileID: 4759628598502154, guid: 0044b682ef11c564d9926c9be8aa7e35, type: 2}
      propertyPath: m_LocalEulerAnglesHint.z
      value: 0
      objectReference: {fileID: 0}
    - target: {fileID: 4759628598502154, guid: 0044b682ef11c564d9926c9be8aa7e35, type: 2}
      propertyPath: m_LocalScale.x
      value: 97.14079
      objectReference: {fileID: 0}
    - target: {fileID: 4759628598502154, guid: 0044b682ef11c564d9926c9be8aa7e35, type: 2}
      propertyPath: m_LocalScale.z
      value: 38.893368
      objectReference: {fileID: 0}
    m_RemovedComponents: []
  m_SourcePrefab: {fileID: 100100000, guid: 0044b682ef11c564d9926c9be8aa7e35, type: 2}
  m_IsPrefabAsset: 0
--- !u!1001 &2088568113
Prefab:
  m_ObjectHideFlags: 0
  serializedVersion: 2
  m_Modification:
    m_TransformParent: {fileID: 0}
    m_Modifications:
    - target: {fileID: 4759628598502154, guid: 0044b682ef11c564d9926c9be8aa7e35, type: 2}
      propertyPath: m_LocalPosition.x
      value: -2.4
      objectReference: {fileID: 0}
    - target: {fileID: 4759628598502154, guid: 0044b682ef11c564d9926c9be8aa7e35, type: 2}
      propertyPath: m_LocalPosition.y
      value: 41.51
      objectReference: {fileID: 0}
    - target: {fileID: 4759628598502154, guid: 0044b682ef11c564d9926c9be8aa7e35, type: 2}
      propertyPath: m_LocalPosition.z
      value: 0
      objectReference: {fileID: 0}
    - target: {fileID: 4759628598502154, guid: 0044b682ef11c564d9926c9be8aa7e35, type: 2}
      propertyPath: m_LocalRotation.x
      value: 0
      objectReference: {fileID: 0}
    - target: {fileID: 4759628598502154, guid: 0044b682ef11c564d9926c9be8aa7e35, type: 2}
      propertyPath: m_LocalRotation.y
      value: 0
      objectReference: {fileID: 0}
    - target: {fileID: 4759628598502154, guid: 0044b682ef11c564d9926c9be8aa7e35, type: 2}
      propertyPath: m_LocalRotation.z
      value: 0
      objectReference: {fileID: 0}
    - target: {fileID: 4759628598502154, guid: 0044b682ef11c564d9926c9be8aa7e35, type: 2}
      propertyPath: m_LocalRotation.w
      value: 1
      objectReference: {fileID: 0}
    - target: {fileID: 4759628598502154, guid: 0044b682ef11c564d9926c9be8aa7e35, type: 2}
      propertyPath: m_RootOrder
      value: 14
      objectReference: {fileID: 0}
    - target: {fileID: 4759628598502154, guid: 0044b682ef11c564d9926c9be8aa7e35, type: 2}
      propertyPath: m_LocalScale.x
      value: 94.89877
      objectReference: {fileID: 0}
    - target: {fileID: 4759628598502154, guid: 0044b682ef11c564d9926c9be8aa7e35, type: 2}
      propertyPath: m_LocalScale.z
      value: 12
      objectReference: {fileID: 0}
    m_RemovedComponents: []
  m_SourcePrefab: {fileID: 100100000, guid: 0044b682ef11c564d9926c9be8aa7e35, type: 2}
  m_IsPrefabAsset: 0
